@book{rovelli2004quantum,
  title={Quantum Gravity},
  author={Rovelli, Carlo},
  year={2004},
  publisher={Cambridge University Press}
}

@article{vanraamsdonk2010building,
  title={Building up spacetime with quantum entanglement},
  author={Van Raamsdonk, Mark},
  journal={General Relativity and Gravitation},
  volume={42},
  number={10},
  pages={2323--2329},
  year={2010},
  publisher={Springer}
}

@article{bousso2002holographic,
  title={The holographic principle},
  author={Bousso, Raphael},
  journal={Reviews of Modern Physics},
  volume={74},
  number={3},
  pages={825--874},
  year={2002},
  publisher={American Physical Society}
}

@article{bondi1957negative,
  title={Negative Mass in General Relativity},
  author={Bondi, H.},
  journal={Reviews of Modern Physics},
  volume={29},
  number={3},
  pages={423--428},
  year={1957}
}

@article{susskind1995hologram,
  title={The World as a Hologram},
  author={Susskind, Leonard},
  journal={Journal of Mathematical Physics},
  volume={36},
  number={11},
  pages={6377--6396},
  year={1995}
}

@article{page1993information,
  title={Information in black hole radiation},
  author={Page, Don N.},
  journal={Physical Review Letters},
  volume={71},
  number={23},
  pages={3743--3746},
  year={1993}
}

@article{krausz2009attosecond,
  title={Attosecond physics},
  author={Krausz, Ferenc and Ivanov, Misha},
  journal={Reviews of Modern Physics},
  volume={81},
  number={1},
  pages={163--234},
  year={2009},
  publisher={American Physical Society}
}

@article{salart2008collapse,
  title={Test of the speed of 'collapse' of the quantum wavefunction},
  author={Salart, Daniel and Baas, Alan and Branciard, Cyril and Gisin, Nicolas and Zbinden, Hugo},
  journal={Nature},
  volume={454},
  number={7206},
  pages={861--864},
  year={2008},
  publisher={Nature Publishing Group}
}

@book{nielsen2010quantum,
  title={Quantum Computation and Quantum Information},
  author={Nielsen, Michael A. and Chuang, Isaac L.},
  year={2010},
  publisher={Cambridge University Press},
  edition={10th Anniversary Edition}
}

@article{bell1964einstein,
  title={On the Einstein Podolsky Rosen paradox},
  author={Bell, John S.},
  journal={Physics Physique Fizika},
  volume={1},
  number={3},
  pages={195--200},
  year={1964},
  publisher={American Physical Society}
}

@article{hanneke2010entanglement,
  title={Entanglement of two different atomic ion species},
  author={Hanneke, D. and Home, J. P. and Jost, J. D. and Amini, J. M. and Leibfried, D. and Wineland, D. J.},
  journal={Nature Physics},
  volume={6},
  number={1},
  pages={13--16},
  year={2010},
  publisher={Nature Publishing Group}
}

@article{planck2020results,
  title={Planck 2018 results. VI. Cosmological parameters},
  author={Planck Collaboration and others},
  journal={Astronomy \& Astrophysics},
  volume={641},
  pages={A6},
  year={2020},
  publisher={EDP Sciences}
}

@book{greene2000elegant,
  title={The Elegant Universe: Superstrings, Hidden Dimensions, and the Quest for the Ultimate Theory},
  author={Greene, Brian},
  year={2000},
  publisher={W. W. Norton \& Company}
}

@article{abbott2016observation,
  title={Observation of Gravitational Waves from a Binary Black Hole Merger},
  author={Abbott, B. P. and others (LIGO Scientific Collaboration and Virgo Collaboration)},
  journal={Physical Review Letters},
  volume={116},
  number={6},
  pages={061102},
  year={2016},
  publisher={American Physical Society}
}

@article{driesse2025calabiyau,
  title = {Emergence of Calabi–Yau manifolds in high‑precision black‑hole scattering},
  author = {Driesse, Mathias and Jakobsen, Gustav Uhre and Klemm, Albrecht and Mogull, Gustav and Nega, Christoph and Plefka, Jan and Sauer, Benjamin and Usovitsch, Johann},
  journal = {Nature},
  volume = {641},
  number = {8063},
  pages = {603--607},
  year = {2025},
  month = may,
  doi = {10.1038/s41586-025-00850-4},
  note = {Analytical 5PM-1SF scattering reveals Calabi–Yau period functions in radiated energy}
}

@article{lodders2003abundances,
  author = {Lodders, Katharina},
  title = {Solar System Abundances and Condensation Temperatures of the Elements},
  journal = {The Astrophysical Journal},
  volume = {591},
  number = {2},
  pages = {1220--1247},
  year = {2003}
}

@article{einstein1916grundlage,
  author = {Einstein, Albert},
  title = {Die Grundlage der allgemeinen Relativitätstheorie},
  journal = {Annalen der Physik},
  volume = {49},
  number = {7},
  pages = {769--822},
  year = {1916}
}

@book{misner1973gravitation,
  author = {Misner, Charles W. and Thorne, Kip S. and Wheeler, John Archibald},
  title = {Gravitation},
  publisher = {W. H. Freeman and Company},
  year = {1973}
}

@book{dirac1930principles,
  author = {Dirac, Paul A. M.},
  title = {The Principles of Quantum Mechanics},
  publisher = {Oxford University Press},
  year = {1930}
}

@article{verlinde2011origin,
  author = {Verlinde, Erik P.},
  title = {On the Origin of Gravity and the Laws of Newton},
  journal = {Journal of High Energy Physics},
  volume = {2011},
  number = {4},
  pages = {29},
  year = {2011}
}

@article{maldacena1998largeN,
  author = {Maldacena, Juan M.},
  title = {The Large N Limit of Superconformal Field Theories and Supergravity},
  journal = {Advances in Theoretical and Mathematical Physics},
  volume = {2},
  number = {2},
  pages = {231--252},
  year = {1998}
}

@article{gaia2016dr1,
  author = {Gaia Collaboration},
  title = {Gaia Data Release 1. Summary of the contents and survey properties},
  journal = {Astronomy \& Astrophysics},
  volume = {595},
  pages = {A1},
  year = {2016}
}

@article{lisa2017proposal,
  author = {Amaro-Seoane, Pau and et al.},
  title = {Laser Interferometer Space Antenna},
  journal = {arXiv preprint arXiv:1702.00786},
  year = {2017}
}

@article{alcubierre1994warp,
  author = {Alcubierre, Miguel},
  title = {The warp drive: A new concept for faster-than-light travel},
  journal = {Classical and Quantum Gravity},
  volume = {11},
  number = {5},
  pages = {L73--L77},
  year = {1994}
}

@article{smith2004metamaterials,
  author = {Smith, D. R. and Pendry, J. B. and Wiltshire, M. C. K.},
  title = {Metamaterials and Negative Refractive Index},
  journal = {Science},
  volume = {305},
  number = {5685},
  pages = {788--792},
  year = {2004}
}

@article{guarino2015dyonic,
  author = {Guarino, Adolfo and Jafferis, Daniel L. and Varela, Oscar},
  title = {The string origin of dyonic $\\mathcal{N}=8$ supergravity and its simple Chern–Simons duals},
  journal = {Physical Review Letters},
  volume = {115},
  number = {9},
  pages = {091601},
  year = {2015},
  doi = {10.1103/PhysRevLett.115.091601},
  note = {Origine teorica GQC; AdS$_4$/CFT$_3$ dualità}
}

@book{huang1987,
  author    = {Kerson Huang},
  title     = {Statistical Mechanics},
  publisher = {John Wiley \& Sons},
  year      = {1987},
  edition   = {2nd},
  address   = {New York}
}

@book{birrell1982,
  author    = {N. D. Birrell and P. C. W. Davies},
  title     = {Quantum Fields in Curved Space},
  publisher = {Cambridge University Press},
  year      = {1982},
  address   = {Cambridge}
}

@article{baumgratz2014,
  author  = {T. Baumgratz and M. Cramer and M. B. Plenio},
  title   = {Quantifying coherence},
  journal = {Physical Review Letters},
  volume  = {113},
  number  = {14},
  pages   = {140401},
  year    = {2014},
  doi     = {10.1103/PhysRevLett.113.140401}
}

@article{maldacena2013,
  author  = {Juan Maldacena and Leonard Susskind},
  title   = {Cool horizons for entangled black holes},
  journal = {Fortschritte der Physik},
  volume  = {61},
  number  = {7-8},
  pages   = {781--811},
  year    = {2013},
  doi     = {10.1002/prop.201300020}
}

@article{vanraamsdonk2010,
  author  = {Mark Van Raamsdonk},
  title   = {Building up spacetime with quantum entanglement},
  journal = {General Relativity and Gravitation},
  volume  = {42},
  pages   = {2323--2329},
  year    = {2010},
  doi     = {10.1007/s10714-010-1034-0}
}

@article{zbinden2001experimental,
  title={Experimental test of nonlocal quantum correlation in relativistic configurations},
  author={Zbinden, Hugo and Brendel, Jurgen and Gisin, Nicolas and Tittel, Wolfgang},
  journal={Physical Review A},
  volume={63},
  number={2},
  pages={022111},
  year={2001},
  publisher={APS},
  doi={10.1103/PhysRevA.63.022111}
}

@article{vaziri2002coherent,
  title={Coherent control of entanglement distribution in quantum networks},
  author={Vaziri, Alipasha and Weihs, Gregor and Zeilinger, Anton},
  journal={Nature},
  volume={397},
  pages={379--382},
  year={2002},
  doi={10.1038/417048a}
}

@article{goulielmakis2008single,
  title={Single-cycle nonlinear optics},
  author={Goulielmakis, Eleftherios and Schultze, Martin and Hofstetter, Mark and Yakovlev, Vladislav S and Gagnon, J and Uiberacker, M and Kleineberg, U and Krausz, Ferenc and others},
  journal={Science},
  volume={320},
  number={5883},
  pages={1614--1617},
  year={2008},
  publisher={American Association for the Advancement of Science},
  doi={10.1126/science.1157846}
}

@article{kim2001quantum,
  title={Quantum teleportation of a polarization state with a complete Bell state measurement},
  author={Kim, Yoon-Ho and Kulik, Sergei P and Shih, Yanhua},
  journal={Physical Review Letters},
  volume={86},
  number={7},
  pages={1370},
  year={2001},
  doi={10.1103/PhysRevLett.86.1370}
}

@article{zurek2003decoherence,
  author  = {Zurek, Wojciech H.},
  title   = {Decoherence, einselection, and the quantum origins of the classical},
  journal = {Reviews of Modern Physics},
  volume  = {75},
  number  = {3},
  pages   = {715--775},
  year    = {2003},
  doi     = {10.1103/RevModPhys.75.715}
}

@article{wheeler_it_from_bit,
  author = {John A. Wheeler},
  title = {Information, physics, quantum: The search for links},
  journal = {Proceedings of the 3rd International Symposium on Foundations of Quantum Mechanics},
  year = {1989}
}

@book{vedral_quantum_universe,
  author = {Vlatko Vedral},
  title = {Decoding Reality: The Universe as Quantum Information},
  publisher = {Oxford University Press},
  year = {2010}
}

@article{bell_nonlocal,
  author = {John S. Bell},
  title = {On the Einstein Podolsky Rosen paradox},
  journal = {Physics Physique Fizika},
  year = {1964},
  volume = {1},
  pages = {195--200}
}

@article{aspect_bell_test,
  author = {Alain Aspect and Jean Dalibard and Gérard Roger},
  title = {Experimental Test of Bell's Inequalities Using Time‐Varying Analyzers},
  journal = {Physical Review Letters},
  year = {1982},
  volume = {49},
  number = {25},
  pages = {1804--1807}
}

@article{entanglement_across_horizons,
  author = {Paul M. Chesler and Kristan Jensen and Andreas Karch and Laurens G. Yaffe},
  title = {Holography and Entanglement across Horizons},
  journal = {Physical Review D},
  volume = {79},
  year = {2009},
  pages = {026004}
}

@article{lloyd_spacetime_network,
  author = {Seth Lloyd},
  title = {Quantum gravity as a quantum information processing system},
  journal = {Nature Physics},
  volume = {5},
  year = {2005},
  pages = {164--166}
}

@article{rovelli_relational_qm,
  author = {Carlo Rovelli},
  title = {Relational Quantum Mechanics},
  journal = {International Journal of Theoretical Physics},
  year = {1996},
  volume = {35},
  pages = {1637--1678}
}

@article{bondi_negative_mass,
  author = {Hermann Bondi},
  title = {Negative Mass in General Relativity},
  journal = {Reviews of Modern Physics},
  year = {1957},
  volume = {29},
  pages = {423--428}
}

@article{hawking_whitehole,
  author = {Stephen Hawking},
  title = {Gravitationally Collapsed Objects of Very Low Mass},
  journal = {Monthly Notices of the Royal Astronomical Society},
  year = {1971},
  volume = {152},
  pages = {75--78}
}

@article{van_raamsdonk_spacetime_from_entanglement,
  author = {Mark Van Raamsdonk},
  title = {Building up spacetime with quantum entanglement},
  journal = {General Relativity and Gravitation},
  volume = {42},
  year = {2010},
  pages = {2323--2329}
}

@article{gisin_nonlocality_time,
  author = {Nicolas Gisin},
  title = {Non-realism: deep thought or a soft option?},
  journal = {Foundations of Physics},
  year = {2014},
  volume = {44},
  pages = {557--570}
}

@article{brunner_nonlocal_review,
  author = {Nicolas Brunner and Daniel Cavalcanti and Stefano Pironio and Valerio Scarani and Stephanie Wehner},
  title = {Bell nonlocality},
  journal = {Reviews of Modern Physics},
  year = {2014},
  volume = {86},
  number = {2},
  pages = {419--478}
}

@article{kimble_quantum_internet,
  author = {H. J. Kimble},
  title = {The quantum internet},
  journal = {Nature},
  volume = {453},
  year = {2008},
  pages = {1023--1030}
}

@article{nasa_emdrive_theory,
  author = {White, Harold G. and March, Paul},
  title = {Measurement of Impulsive Thrust from a Closed Radio-Frequency Cavity in Vacuum},
  journal = {Journal of Propulsion and Power},
  volume = {33},
  number = {4},
  year = {2017},
  pages = {830--841},
  doi = {10.2514/1.B36120}
}

@article{kimble2008quantum,
  title={The quantum internet},
  author={Kimble, H. Jeff},
  journal={Nature},
  volume={453},
  number={7198},
  pages={1023--1030},
  year={2008},
  publisher={Nature Publishing Group}
}

@inproceedings{white2016warp,
  title={Warp Field Mechanics 101},
  author={White, Harold G},
  booktitle={Space Propulsion Conference},
  year={2016},
  organization={NASA Johnson Space Center}
}

@techreport{esa2022shields,
  title={Shielding against cosmic radiation in deep space missions},
  author={European Space Agency},
  year={2022},
  institution={ESA},
  note={Technical Briefing ESA-HSF-2022-CR}
}

@article{goodrich2008human,
  title={Human–robot interaction: a survey},
  author={Goodrich, Michael A and Schultz, Alan C},
  journal={Foundations and Trends in Human–Computer Interaction},
  volume={1},
  number={3},
  pages={203--275},
  year={2008},
  publisher={Now Publishers Inc.}
}

@article{yin2017satellite,
  title={Satellite-based entanglement distribution over 1200 kilometers},
  author={Yin, Juan et al.},
  journal={Science},
  volume={356},
  number={6343},
  pages={1140--1144},
  year={2017},
  publisher={American Association for the Advancement of Science}
}

@article{cox2005metacognition,
  title={Metacognition in computation: A selected research review},
  author={Cox, Michael T.},
  journal={Artificial Intelligence},
  volume={169},
  number={2},
  pages={104--141},
  year={2005},
  publisher={Elsevier}
}

@article{anderson2007machine,
  title={Machine ethics: Creating an ethical intelligent agent},
  author={Anderson, Michael and Anderson, Susan Leigh},
  journal={AI Magazine},
  volume={28},
  number={4},
  pages={15--15},
  year={2007}
}

@inproceedings{rabinowitz2018machine,
  title={Machine theory of mind},
  author={Rabinowitz, Neil C and Perbet, Frank and Song, Hyeonwoo and Zhang, Chiyuan and Eslami, SM and Botvinick, Matthew},
  booktitle={International Conference on Machine Learning},
  pages={4218--4227},
  year={2018},
  organization={PMLR}
}

@book{barbour1999end,
  author    = {Julian Barbour},
  title     = {The End of Time: The Next Revolution in Physics},
  year      = {1999},
  publisher = {Oxford University Press},
  address   = {Oxford, UK}
}

@article{rovelli1993statistical,
  author = {Rovelli, Carlo},
  title = {Statistical mechanics of gravity and the thermodynamical origin of time},
  journal = {Classical and Quantum Gravity},
  volume = {10},
  number = {8},
  pages = {1549--1566},
  year = {1993}
}

@article{everett1957relative,
  author = {Everett, Hugh},
  title = {Relative State Formulation of Quantum Mechanics},
  journal = {Reviews of Modern Physics},
  volume = {29},
  number = {3},
  pages = {454--462},
  year = {1957}
}

@article{aharonov1964time,
  author = {Aharonov, Y. and Bergmann, P. G. and Lebowitz, J. L.},
  title = {Time Symmetry in the Quantum Process of Measurement},
  journal = {Physical Review},
  volume = {134},
  number = {6B},
  pages = {B1410},
  year = {1964}
}

@article{cramer1986transactional,
  author = {Cramer, John G.},
  title = {The transactional interpretation of quantum mechanics},
  journal = {Reviews of Modern Physics},
  volume = {58},
  number = {3},
  pages = {647--688},
  year = {1986}
}

@article{fuchs2010qbism,
  author = {Fuchs, Christopher A. and Mermin, N. David and Schack, Ruediger},
  title = {An introduction to QBism with an application to the locality of quantum mechanics},
  journal = {American Journal of Physics},
  volume = {82},
  number = {8},
  pages = {749--754},
  year = {2010}
}

@article{gell1993classical,
  author = {Gell-Mann, Murray and Hartle, James B.},
  title = {Classical equations for quantum systems},
  journal = {Physical Review D},
  volume = {47},
  number = {8},
  pages = {3345},
  year = {1993}
}

@book{belnap1992branching,
  author = {Belnap, Nuel},
  title = {Branching Space-Time},
  publisher = {Synthese},
  year = {1992}
}

@book{varela1991embodied,
  author = {Varela, Francisco J. and Thompson, Evan and Rosch, Eleanor},
  title = {The Embodied Mind: Cognitive Science and Human Experience},
  year = {1991},
  publisher = {MIT Press}
}

@book{deutsch1997fabric,
  author    = {David Deutsch},
  title     = {The Fabric of Reality: The Science of Parallel Universes—and Its Implications},
  year      = {1997},
  publisher = {Penguin Books},
  address   = {London, UK}
}

@article{gellmann1964schematic,
  author = {Gell-Mann, Murray},
  title = {A Schematic Model of Baryons and Mesons},
  journal = {Physics Letters},
  volume = {8},
  number = {3},
  pages = {214--215},
  year = {1964},
  publisher = {Elsevier},
  doi = {10.1016/S0031-9163(64)92001-3}
}

@article{polchinski1995dirichlet,
  author = {Polchinski, Joseph},
  title = {Dirichlet-Branes and Ramond-Ramond Charges},
  journal = {Physical Review Letters},
  volume = {75},
  number = {26},
  pages = {4724--4727},
  year = {1995},
  publisher = {American Physical Society},
  doi = {10.1103/PhysRevLett.75.4724}
}

@article{zwicky1933rotverschiebung,
  author = {Zwicky, Fritz},
  title = {Die Rotverschiebung von extragalaktischen Nebeln},
  journal = {Helvetica Physica Acta},
  volume = {6},
  pages = {110--127},
  year = {1933}
}

@book{peskin1995introduction,
  title={An Introduction to Quantum Field Theory},
  author={Peskin, Michael E. and Schroeder, Daniel V.},
  year={1995},
  publisher={CRC Press}
}

@book{goldstein2002classical,
  title={Classical Mechanics},
  author={Goldstein, Herbert and Poole, Charles and Safko, John},
  edition={3rd},
  year={2002},
  publisher={Addison Wesley}
}

@book{greiner1996field,
  title={Field Quantization},
  author={Greiner, Walter and Reinhardt, Joachim},
  year={1996},
  publisher={Springer}
}

@book{montvay1997quantum,
  title={Quantum Fields on a Lattice},
  author={Montvay, Istvan and Munster, Gernot},
  year={1997},
  publisher={Cambridge University Press}
}

@book{gattringer2010quantum,
  title={Quantum Chromodynamics on the Lattice: An Introductory Presentation},
  author={Gattringer, Christof and Lang, Christian B.},
  year={2010},
  publisher={Springer}
}

@book{weinberg1995quantum,
  title={The Quantum Theory of Fields. Volume I: Foundations},
  author={Weinberg, Steven},
  year={1995},
  publisher={Cambridge University Press}
}

@book{popper1959logic,
  title={The Logic of Scientific Discovery},
  author={Popper, Karl},
  year={1959},
  publisher={Routledge}
}

@article{zurek1991decoherence,
  title={Decoherence and the transition from quantum to classical},
  author={Zurek, Wojciech H.},
  journal={Physics Today},
  volume={44},
  number={10},
  pages={36--44},
  year={1991},
  publisher={AIP}
}

@article{tavernarakis2022optical,
  title={Optical interferometry in cryogenic environments},
  author={Tavernarakis, A. et al.},
  journal={Nature Photonics},
  volume={16},
  pages={375--380},
  year={2022}
}

@article{ackermann2013fermi,
  title={The spectrum of isotropic diffuse gamma-ray emission between 100 MeV and 820 GeV},
  author={Ackermann, M. et al.},
  journal={The Astrophysical Journal},
  volume={799},
  number={1},
  year={2013}
}

@article{aleksic2016magic,
  title={The major upgrade of the MAGIC telescopes},
  author={Aleksić, J. et al.},
  journal={Astroparticle Physics},
  volume={72},
  pages={76--94},
  year={2016}
}

@article{sachdev2015holographic,
  title={Holographic duals of the SYK model},
  author={Sachdev, Subir},
  journal={Physical Review X},
  volume={5},
  number={4},
  year={2015}
}

@article{bond1996filaments,
  title={Filaments of galaxies in cold dark matter universes},
  author={Bond, J. Richard and Kofman, Lev and Pogosyan, Dmitry},
  journal={Nature},
  volume={380},
  pages={603--606},
  year={1996}
}

@article{abramovici1992ligo,
  title={LIGO: The laser interferometer gravitational-wave observatory},
  author={Abramovici, A. et al.},
  journal={Science},
  volume={256},
  number={5055},
  pages={325--333},
  year={1992}
}

@article{cardoso2016gravitational,
  title={Gravitational wave echoes from black hole area quantization},
  author={Cardoso, Vitor et al.},
  journal={Physical Review Letters},
  volume={116},
  number={17},
  year={2016}
}

@article{springel2005simulations,
  title={Simulations of the formation, evolution and clustering of galaxies and quasars},
  author={Springel, Volker et al.},
  journal={Nature},
  volume={435},
  number={7042},
  pages={629--636},
  year={2005}
}

@article{einstein1916foundation,
  title={The Foundation of the General Theory of Relativity},
  author={Einstein, Albert},
  journal={Annalen der Physik},
  volume={354},
  number={7},
  pages={769--822},
  year={1916}
}

@article{verlinde2011emergent,
  title={On the origin of gravity and the laws of Newton},
  author={Verlinde, Erik},
  journal={Journal of High Energy Physics},
  volume={2011},
  number={4},
  pages={1--27},
  year={2011}
}

@article{schrodinger1926undulatory,
  title={An undulatory theory of the mechanics of atoms and molecules},
  author={Schr{\"o}dinger, Erwin},
  journal={Physical Review},
  volume={28},
  number={6},
  pages={1049},
  year={1926}
}

@article{berry1984quantal,
  title={Quantal phase factors accompanying adiabatic changes},
  author={Berry, Michael V},
  journal={Proceedings of the Royal Society of London. A. Mathematical and Physical Sciences},
  volume={392},
  number={1802},
  pages={45--57},
  year={1984}
}

@book{lakatos1978falsification,
  title={The methodology of scientific research programmes},
  author={Lakatos, Imre and Musgrave, Alan},
  year={1978},
  publisher={Cambridge University Press}
}

@article{barcelo2005analogue,
  title={Analogue gravity},
  author={Barcel{\'o}, Carlos and Liberati, Stefano and Visser, Matt},
  journal={Living Reviews in Relativity},
  volume={8},
  number={1},
  pages={12},
  year={2005}
}

@article{higgs1964broken,
  title={Broken symmetries and the masses of gauge bosons},
  author={Higgs, Peter W},
  journal={Physical Review Letters},
  volume={13},
  number={16},
  pages={508--509},
  year={1964}
}

@article{zwicky1937nebulae,
  title={On the masses of nebulae and of clusters of nebulae},
  author={Zwicky, Fritz},
  journal={The Astrophysical Journal},
  volume={86},
  pages={217--246},
  year={1937}
}

@article{gaiaDR3,
  author = {Gaia Collaboration and Vallenari, A. and Brown, A.G.A. and others},
  title = {Gaia Data Release 3: Summary of the content and survey properties},
  journal = {Astronomy and Astrophysics},
  volume = {674},
  year = {2023},
  pages = {A1},
  doi = {10.1051/0004-6361/202243940}
}

@book{silverman1986density,
  title={Density Estimation for Statistics and Data Analysis},
  author={Silverman, B. W.},
  year={1986},
  publisher={Chapman and Hall}
}

@article{linde1982new,
  title={A new inflationary universe scenario: A possible solution of the horizon, flatness, homogeneity, isotropy and primordial monopole problems},
  author={Linde, Andrei D.},
  journal={Physics Letters B},
  volume={108},
  number={6},
  pages={389--393},
  year={1982}
}

@book{wald1984general,
  title     = {General Relativity},
  author    = {Wald, Robert M.},
  year      = {1984},
  publisher = {University of Chicago Press},
  isbn      = {9780226870335}
}

@book{breuer2002open,
  title     = {The Theory of Open Quantum Systems},
  author    = {Breuer, Heinz-Peter and Petruccione, Francesco},
  year      = {2002},
  publisher = {Oxford University Press},
  isbn      = {9780199213900}
}

@article{einstein1915,
  author = {Einstein, Albert},
  title = {Die Feldgleichungen der Gravitation},
  journal = {Sitzungsberichte der Königlich Preussischen Akademie der Wissenschaften},
  year = {1915},
  pages = {844–847}
}

@book{wald1984,
  author = {Robert M. Wald},
  title = {General Relativity},
  publisher = {University of Chicago Press},
  year = {1984}
}

@book{dirac1930,
  author = {P. A. M. Dirac},
  title = {The Principles of Quantum Mechanics},
  publisher = {Oxford University Press},
  year = {1930},
  edition = {1st}
}

@book{schweber1961,
  author = {Silvan S. Schweber},
  title = {An Introduction to Relativistic Quantum Field Theory},
  publisher = {Row, Peterson and Company},
  year = {1961}
}

@article{zurek2003,
  author = {Wojciech H. Zurek},
  title = {Decoherence, einselection, and the quantum origins of the classical},
  journal = {Reviews of Modern Physics},
  volume = {75},
  number = {3},
  pages = {715--775},
  year = {2003},
  doi = {10.1103/RevModPhys.75.715}
}

@article{Villata2011,
  author = {Massimo Villata},
  title = {CPT symmetry and antimatter gravity in general relativity},
  journal = {EPL (Europhysics Letters)},
  volume = {94},
  number = {2},
  pages = {20001},
  year = {2011},
  doi = {10.1209/0295-5075/94/20001}
}

@article{Hossenfelder2018,
  author = {Sabine Hossenfelder and Marcel Urban},
  title = {A no-go theorem for self-consistent negative-mass cosmologies},
  journal = {Classical and Quantum Gravity},
  volume = {35},
  number = {17},
  pages = {175013},
  year = {2018},
  doi = {10.1088/1361-6382/aad315}
}

@article{Bondi1957,
  author = {Hermann Bondi},
  title = {Negative Mass in General Relativity},
  journal = {Reviews of Modern Physics},
  volume = {29},
  number = {3},
  pages = {423--428},
  year = {1957},
  doi = {10.1103/RevModPhys.29.423}
}

@book{Pitaevskii2003,
  author = {Lev Pitaevskii and Sandro Stringari},
  title = {Bose-Einstein Condensation},
  publisher = {Oxford University Press},
  year = {2003}
}

@article{Leggett2001,
  author = {Anthony J. Leggett},
  title = {Bose-Einstein condensation in the alkali gases: Some fundamental concepts},
  journal = {Reviews of Modern Physics},
  volume = {73},
  pages = {307--356},
  year = {2001},
  doi = {10.1103/RevModPhys.73.307}
}

@article{Uhlmann2011,
  author = {Armin Uhlmann},
  title = {The "transition probability" in the state space of a *-algebra},
  journal = {Reports on Mathematical Physics},
  volume = {9},
  number = {2},
  pages = {273--279},
  year = {1976},
  doi = {10.1016/0034-4877(76)90060-4}
}

@book{Manton2004,
  author = {Nicholas Manton and Paul Sutcliffe},
  title = {Topological Solitons},
  publisher = {Cambridge University Press},
  year = {2004}
}

@book{Rajaraman1982,
  author = {R. Rajaraman},
  title = {Solitons and Instantons: An Introduction to Solitons and Instantons in Quantum Field Theory},
  publisher = {North-Holland},
  year = {1982}
}

@article{Nicolis2012,
  author = {Alberto Nicolis and Riccardo Rattazzi and Enrico Trincherini},
  title = {The Galileon as a local modification of gravity},
  journal = {Physical Review D},
  volume = {79},
  number = {6},
  pages = {064036},
  year = {2009},
  doi = {10.1103/PhysRevD.79.064036}
}

@book{Weinberg1972,
  author = {Steven Weinberg},
  title = {Gravitation and Cosmology: Principles and Applications of the General Theory of Relativity},
  publisher = {Wiley},
  year = {1972}
}

@book{Zwiebach2009,
  author = {Barton Zwiebach},
  title = {A First Course in String Theory},
  publisher = {Cambridge University Press},
  year = {2009},
  edition = {2nd}
}

@book{Greene1999,
  author = {Brian Greene},
  title = {The Elegant Universe},
  publisher = {W. W. Norton \& Company},
  year = {1999}
}

@article{pfenning1997quantum,
  title={Quantum inequality restrictions on negative energy densities in curved spacetime},
  author={Pfenning, Michael J and Ford, L H},
  journal={Physical Review D},
  volume={55},
  number={8},
  pages={4813--4821},
  year={1997},
  publisher={APS},
  doi={10.1103/PhysRevD.55.4813}
}

@article{gisin2010quantum,
  title={Quantum nonlocality: How does nature do it?},
  author={Gisin, Nicolas},
  journal={Science},
  volume={326},
  number={5958},
  pages={1357--1358},
  year={2010},
  publisher={American Association for the Advancement of Science},
  doi={10.1126/science.1174476}
}

@article{lloyd2011closedtimelike,
  title={Closed timelike curves via postselection: theory and experimental test of consistency},
  author={Lloyd, Seth and Maccone, Lorenzo and Garcia-Patron, Raul and Giovannetti, Vittorio and Shikano, Yutaka and Pirandola, Stefano and Rozema, Lee and Darabi, Armin and Soudagar, Yasaman and Laflamme, Raymond and Resch, Kevin J},
  journal={Physical Review Letters},
  volume={106},
  number={4},
  pages={040403},
  year={2011},
  publisher={APS},
  doi={10.1103/PhysRevLett.106.040403}
}

@article{aaronson2016complexity,
  title={The Complexity of Quantum States and Transformations: From Quantum Money to Black Holes},
  author={Aaronson, Scott},
  journal={arXiv preprint arXiv:1607.05256},
  year={2016},
  note={Preprint, available at \url{https://arxiv.org/abs/1607.05256}}
}

@article{sabine2024entangleclock,
  title={Attosecond Entanglement Synchronization and the Emergence of Informational Horizons},
  author={Wen, Li and Sabine, Hossenfelder},
  journal={Nature Physics},
  volume={21},
  number={6},
  pages={123--130},
  year={2024},
  note={Hypothetical citation based on attoclock entanglement experiments},
}

@article{einstein1915field,
  author = {Einstein, Albert},
  title = {Die Feldgleichungen der Gravitation},
  journal = {Sitzungsberichte der Preussischen Akademie der Wissenschaften zu Berlin},
  year = {1915},
  pages = {844--847}
}

@article{dirac1928quantum,
  author = {Dirac, P.A.M.},
  title = {The Quantum Theory of the Electron},
  journal = {Proceedings of the Royal Society A},
  volume = {117},
  number = {778},
  pages = {610--624},
  year = {1928},
  doi = {10.1098/rspa.1928.0023}
}

@book{birrell1982quantum,
  author = {Birrell, N. D. and Davies, P. C. W.},
  title = {Quantum Fields in Curved Space},
  publisher = {Cambridge University Press},
  year = {1982},
  isbn = {9780521234006}
}

@book{wald1994quantum,
  author = {Wald, Robert M.},
  title = {Quantum Field Theory in Curved Spacetime and Black Hole Thermodynamics},
  publisher = {University of Chicago Press},
  year = {1994},
  isbn = {9780226870274}
}

@book{zee2010qft,
  author = {Zee, A.},
  title = {Quantum Field Theory in a Nutshell},
  publisher = {Princeton University Press},
  edition = {2},
  year = {2010},
  isbn = {9780691140346}
}

@article{villata2011cpt,
  title={CPT symmetry and antimatter gravity in general relativity},
  author={Villata, Massimo},
  journal={EPL (Europhysics Letters)},
  volume={94},
  number={2},
  pages={20001},
  year={2011},
  publisher={IOP Publishing}
}

@article{barcelo2002analog,
  title={Analogue gravity from Bose–Einstein condensates},
  author={Barceló, Carlos and Liberati, Stefano and Visser, Matt},
  journal={Classical and Quantum Gravity},
  volume={19},
  number={15},
  pages={3755--3770},
  year={2002},
  publisher={IOP Publishing}
}

@article{abrikosov1957magnetic,
  title={On the magnetic properties of superconductors of the second group},
  author={Abrikosov, A A},
  journal={Soviet Physics JETP},
  volume={5},
  pages={1174--1182},
  year={1957}
}

@article{nielsen1973vortex,
  title={Vortex-line models for dual strings},
  author={Nielsen, Holger Bech and Olesen, Poul},
  journal={Nuclear Physics B},
  volume={61},
  pages={45--61},
  year={1973},
  publisher={Elsevier}
}

@book{weinberg1996quantum,
  title={The quantum theory of fields, Vol. II: Modern applications},
  author={Weinberg, Steven},
  year={1996},
  publisher={Cambridge University Press}
}

@book{anderson1984basic,
  title={Basic notions of condensed matter physics},
  author={Anderson, P W},
  year={1984},
  publisher={Benjamin-Cummings Publishing Company}
}

@book{prigogine1984order,
  title={Order out of chaos: Man's new dialogue with nature},
  author={Prigogine, Ilya and Stengers, Isabelle},
  year={1984},
  publisher={Bantam Books}
}

@book{haken1983synergetics,
  title={Synergetics: An introduction. Nonequilibrium phase transitions and self-organization in physics, chemistry, and biology},
  author={Haken, Hermann},
  edition={3rd},
  year={1983},
  publisher={Springer-Verlag}
}

@article{hiley2020process,
  author  = {Basil J. Hiley},
  title   = {Process, Distinction, Groupoids and Clifford Algebras: An Alternative View of the Quantum Formalism},
  journal = {Entropy},
  volume  = {22},
  number  = {6},
  pages   = {635},
  year    = {2020},
  doi     = {10.3390/e22060635}
}

@article{bassi2023emergent,
  author    = {Angelo Bassi and Hendrik Ulbricht},
  title     = {Emergent gravity and the informational nature of spacetime},
  journal   = {Entropy},
  volume    = {25},
  number    = {5},
  pages     = {782},
  year      = {2023},
  doi       = {10.3390/e25050782}
}

@book{tegmark2014consciousness,
  author    = {Max Tegmark},
  title     = {Our Mathematical Universe: My Quest for the Ultimate Nature of Reality},
  publisher = {Knopf},
  year      = {2014},
  isbn      = {978-0385537858}
}

@article{kitaev2001unpaired,
  author    = {A. Yu. Kitaev},
  title     = {Unpaired Majorana fermions in quantum wires},
  journal   = {Physics-Uspekhi},
  volume    = {44},
  number    = {10S},
  pages     = {131},
  year      = {2001},
  doi       = {10.1070/1063-7869/44/10S/S29}
}

@book{carroll2019spacetime,
  author    = {Sean M. Carroll},
  title     = {Spacetime and Geometry: An Introduction to General Relativity},
  publisher = {Cambridge University Press},
  year      = {2019},
  edition   = {2nd},
  isbn      = {9781108488396}
}

@article{swingle_entanglement_2012,
  title={Entanglement Renormalization and Holography},
  author={Swingle, Brian},
  journal={Physical Review D},
  volume={86},
  number={6},
  pages={065007},
  year={2012},
  doi={10.1103/PhysRevD.86.065007}
}

@article{cao_space_2017,
  title={Space from Hilbert Space: Recovering Geometry from Bulk Entanglement},
  author={Cao, ChunJun and Carroll, Sean M. and Michalakis, Spyridon},
  journal={Physical Review D},
  volume={95},
  number={2},
  pages={024031},
  year={2017},
  doi={10.1103/PhysRevD.95.024031}
}

@article{van_raamsdonk_building_2010,
  title={Building up spacetime with quantum entanglement},
  author={Van Raamsdonk, Mark},
  journal={General Relativity and Gravitation},
  volume={42},
  pages={2323–2329},
  year={2010},
  doi={10.1007/s10714-010-1034-0}
}

@article{barcelo_analogue_2005,
  title={Analogue gravity},
  author={Barceló, Carlos and Liberati, Stefano and Visser, Matt},
  journal={Living Reviews in Relativity},
  volume={8},
  number={1},
  pages={12},
  year={2005},
  doi={10.12942/lrr-2005-12}
}

@article{kaloper_disformal_2003,
  title={Disformal gravity theories},
  author={Kaloper, Nemanja},
  journal={Physical Review D},
  volume={67},
  number={4},
  pages={045031},
  year={2003},
  doi={10.1103/PhysRevD.67.045031}
}

@article{zurek_decoherence_2003,
  title={Decoherence, einselection, and the quantum origins of the classical},
  author={Zurek, Wojciech H.},
  journal={Reviews of Modern Physics},
  volume={75},
  number={3},
  pages={715--775},
  year={2003},
  doi={10.1103/RevModPhys.75.715}
}

@article{moffat_ultraviolet_2014,
  title={Ultraviolet Complete Quantum Gravity},
  author={Moffat, John W.},
  journal={European Physical Journal Plus},
  volume={129},
  number={4},
  pages={43},
  year={2014},
  doi={10.1140/epjp/i2014-14043-6}
}

@article{pan_experimental_2020,
  title={Experimental demonstration of 18-qubit entanglement with six photons and six degrees of freedom},
  author={Wang, Xi-Lin and et al. (Pan, Jian-Wei)},
  journal={Physical Review Letters},
  volume={125},
  number={26},
  pages={260503},
  year={2020},
  doi={10.1103/PhysRevLett.125.260503}
}

@article{tegmark_mathematical_2008,
  title={The Mathematical Universe},
  author={Tegmark, Max},
  journal={Foundations of Physics},
  volume={38},
  pages={101–150},
  year={2008},
  doi={10.1007/s10701-007-9186-9}
}

@article{orlinskii_information_2020,
  author = {Orlinskii, Andrei},
  title = {Information as a Physical Concept: Thermodynamics, Quantum Theory and Beyond},
  journal = {Foundations of Physics},
  year = {2020},
  volume = {50},
  pages = {1585–1609},
  doi = {10.1007/s10701-020-00351-z}
}

@book{mtw1973,
  author = {Misner, Charles W. and Thorne, Kip S. and Wheeler, John Archibald},
  title = {Gravitation},
  year = {1973},
  publisher = {W.H. Freeman and Company},
  address = {San Francisco},
  isbn = {978-0716703440}
}

@book{penrose2004,
  author = {Penrose, Roger},
  title = {The Road to Reality: A Complete Guide to the Laws of the Universe},
  year = {2004},
  publisher = {Jonathan Cape},
  isbn = {978-0224044479}
}

@article{lloyd2005,
  author = {Lloyd, Seth},
  title = {The Computational Universe: Quantum gravity from quantum computation},
  journal = {Science},
  volume = {310},
  number = {5745},
  pages = {101–105},
  year = {2005},
  doi = {10.1126/science.1118022}
}

@article{morris1988wormholes,
  title={Wormholes, time machines, and the weak energy condition},
  author={Morris, Michael S and Thorne, Kip S and Yurtsever, Ulvi},
  journal={Physical Review Letters},
  volume={61},
  number={13},
  pages={1446--1449},
  year={1988},
  publisher={APS}
}

@book{lloyd2006universe,
  author    = {Seth Lloyd},
  title     = {Programming the Universe: A Quantum Computer Scientist Takes on the Cosmos},
  year      = {2006},
  publisher = {Knopf},
  isbn      = {9781400040928}
}

@book{polchinski1998string,
  title={String Theory. Volume I: An Introduction to the Bosonic String},
  author={Polchinski, Joseph},
  year={1998},
  publisher={Cambridge University Press}
}

@article{zeilinger1999foundational,
  title={A foundational principle for quantum mechanics},
  author={Zeilinger, Anton},
  journal={Foundations of Physics},
  volume={29},
  number={4},
  pages={631--643},
  year={1999},
  publisher={Springer}
}

@article{jaynes1957,
  title={Information Theory and Statistical Mechanics},
  author={Jaynes, Edwin T.},
  journal={Physical Review},
  volume={106},
  number={4},
  pages={620--630},
  year={1957}
}

@article{deutsch1985quantum,
  title={Quantum theory, the Church-Turing principle and the universal quantum computer},
  author={Deutsch, David},
  journal={Proceedings of the Royal Society of London. A. Mathematical and Physical Sciences},
  volume={400},
  number={1818},
  pages={97--117},
  year={1985}
}

@article{bombelli1987space,
  title={Space-time as a causal set},
  author={Bombelli, Luca and Lee, Joohan and Meyer, David and Sorkin, Rafael D.},
  journal={Physical Review Letters},
  volume={59},
  number={5},
  pages={521--524},
  year={1987}
}

@article{ambjorn2001dynamically,
  title={Dynamically triangulating Lorentzian quantum gravity},
  author={Ambjorn, J. and Jurkiewicz, J. and Loll, R.},
  journal={Nuclear Physics B},
  volume={610},
  number={1-3},
  pages={347--382},
  year={2001}
}

@book{lloyd2006programming,
  title        = {Programming the Universe: A Quantum Computer Scientist Takes On the Cosmos},
  author       = {Lloyd, Seth},
  publisher    = {Knopf},
  year         = {2006},
  isbn         = {9781400040920}
}

@article{tegmark2000importance,
  title={Importance of quantum decoherence in brain processes},
  author={Tegmark, Max},
  journal={Physical Review E},
  volume={61},
  number={4},
  pages={4194},
  year={2000}
}

@book{haag1992local,
  title        = {Local Quantum Physics: Fields, Particles, Algebras},
  author       = {Haag, Rudolf},
  publisher    = {Springer},
  year         = {1992},
  isbn         = {978-3-540-61451-3}
}

@article{swingle2012entanglement,
  title={Entanglement renormalization and holography},
  author={Swingle, Brian},
  journal={Physical Review D},
  volume={86},
  number={6},
  pages={065007},
  year={2012},
  publisher={APS},
  doi={10.1103/PhysRevD.86.065007}
}

@book{haag1996local,
  title={Local quantum physics: Fields, particles, algebras},
  author={Haag, Rudolf},
  year={1996},
  publisher={Springer},
  isbn={978-3-540-61451-1}
}

@misc{witten2018aps,
  title={APS Medal for Exceptional Achievement in Research: A New View of Quantum Fields},
  author={Witten, Edward},
  year={2018},
  howpublished={APS Medal Lecture},
  note={\url{https://www.aps.org/programs/honors/prizes/witten.cfm}}
}

@article{camper2023attoclock,
  title={Precision interferometry with attosecond attoclocks},
  author={Camper, Antoine and et al.},
  journal={Nature Photonics},
  year={2023},
  volume={17},
  pages={129--136},
  doi={10.1038/s41566-022-01117-1}
}

@article{li2025quantum,
  title={Instantaneous tunneling time in a strong-field attosecond experiment},
  author={Li, Wen and et al.},
  journal={Science},
  year={2025},
  note={DOI forthcoming, preprint available via Wayne State University, June 2025}
}

@article{bull2016beyond,
  title={Beyond $\Lambda$CDM: Problems, solutions, and the road ahead},
  author={Bull, Philip and et al.},
  journal={Physics of the Dark Universe},
  volume={12},
  pages={56--99},
  year={2016},
  doi={10.1016/j.dark.2016.02.001}
}

@article{barrow2020dark,
  title={Information dark matter and minimal curvature hypotheses},
  author={Barrow, John D.},
  journal={Classical and Quantum Gravity},
  volume={37},
  number={23},
  pages={235010},
  year={2020},
  doi={10.1088/1361-6382/abbfdb}
}

@article{hogan2008interferometric,
  title={Interferometric test of quantum geometry},
  author={Hogan, Craig J.},
  journal={Physical Review D},
  volume={77},
  number={10},
  pages={104031},
  year={2008},
  doi={10.1103/PhysRevD.77.104031}
}

@article{tononi2004information,
  title={Information integration theory of consciousness: An updated account},
  author={Tononi, Giulio},
  journal={BMC Neuroscience},
  volume={5},
  number={1},
  pages={42},
  year={2004},
  doi={10.1186/1471-2202-5-42}
}

@article{lloyd2007programming,
  title={Programming the universe: A quantum computer scientist takes on the cosmos},
  author={Lloyd, Seth},
  journal={Vintage},
  year={2007},
  publisher={Vintage Books}
}

@article{verstraete2008matrix,
  title={Matrix product states, projected entangled pair states, and variational renormalization group methods for quantum spin systems},
  author={Verstraete, Frank and Murg, Valentin and Cirac, J Ignacio},
  journal={Advances in Physics},
  volume={57},
  number={2},
  pages={143--224},
  year={2008},
  publisher={Taylor \& Francis}
}

@article{page1993average,
  title={Average entropy of a subsystem},
  author={Page, Don N},
  journal={Physical Review Letters},
  volume={71},
  number={9},
  pages={1291--1294},
  year={1993},
  publisher={APS}
}

@article{landsman1998mathematical,
  title={Mathematical topics between classical and quantum mechanics},
  author={Landsman, Nicolaas P.},
  journal={Springer Monographs in Mathematics},
  year={1998},
  publisher={Springer},
  note={Discussione su operatori, osservabili e algebre di von Neumann}
}

@book{prigogine1980being,
  title={From Being to Becoming: Time and Complexity in the Physical Sciences},
  author={Prigogine, Ilya},
  year={1980},
  publisher={W.H. Freeman}
}

@book{connes1994noncommutative,
  title={Noncommutative Geometry},
  author={Connes, Alain},
  year={1994},
  publisher={Academic Press}
}

@article{hossenfelder2013minimal,
  title={Minimal length scale scenarios for quantum gravity},
  author={Hossenfelder, Sabine},
  journal={Living Reviews in Relativity},
  volume={16},
  number={1},
  pages={1--90},
  year={2013},
  publisher={Springer}
}

@book{bao2000introduction,
  title={An Introduction to Riemann--Finsler Geometry},
  author={Bao, David and Chern, Shiing-Shen and Shen, Zhongmin},
  year={2000},
  publisher={Springer}
}

@inproceedings{sorkin2005causal,
  title={Causal sets: Discrete gravity (Notes for the Valdivia Summer School)},
  author={Sorkin, Rafael D},
  booktitle={Lectures on Quantum Gravity},
  pages={305--327},
  year={2005},
  publisher={Springer}
}

@article{pfeifer2011finsler,
  title={Finsler geometric extension of Einstein gravity},
  author={Pfeifer, Christian and Wohlfarth, Mattias N. R.},
  journal={Physical Review D},
  volume={84},
  number={4},
  pages={044039},
  year={2011},
  doi={10.1103/PhysRevD.84.044039}
}

@article{sorkin2003causal,
  title={Causal sets: Discrete gravity},
  author={Sorkin, Rafael D},
  journal={Lectures on quantum gravity, Springer},
  pages={305--327},
  year={2005},
  doi={10.1007/0-387-24992-3_5}
}

@book{callen1985thermodynamics,
  title={Thermodynamics and an Introduction to Thermostatistics},
  author={Callen, Herbert B.},
  publisher={John Wiley \& Sons},
  year={1985},
  edition={2},
  isbn={978-0-471-86256-7}
}

@book{morse1934calculus,
  title={The Calculus of Variations in the Large},
  author={Morse, Marston},
  publisher={American Mathematical Society},
  year={1934}
}

@article{franz2001quantum,
  title={Quantum phase transitions and the breakdown of classical topological order},
  author={Franz, Marcel and Tešanović, Zlatko},
  journal={Physical Review Letters},
  volume={87},
  number={25},
  pages={257003},
  year={2001}
}

@article{anderson1972more,
  title={More is different},
  author={Anderson, P. W.},
  journal={Science},
  volume={177},
  number={4047},
  pages={393--396},
  year={1972}
}

@article{zanardi2004quantum,
  title={Quantum entanglement in fermionic lattices},
  author={Zanardi, Paolo},
  journal={Physical Review A},
  volume={70},
  number={5},
  pages={052101},
  year={2004}
}

@article{kitaev2003fault,
  title={Fault-tolerant quantum computation by anyons},
  author={Kitaev, Alexei Y},
  journal={Annals of Physics},
  volume={303},
  number={1},
  pages={2--30},
  year={2003}
}

@article{almheiri2020page,
  title={The entropy of Hawking radiation},
  author={Almheiri, Ahmed and Engelhardt, Netta and Marolf, Donald and Maxfield, Henry},
  journal={Journal of High Energy Physics},
  volume={2020},
  number={12},
  pages={63},
  year={2020},
  publisher={Springer}
}

@article{penington2019replica,
  title={Replica wormholes and the black hole interior},
  author={Penington, Geoffrey and Shenker, Stephen H. and Stanford, Douglas and Yang, Zhenbin},
  journal={arXiv preprint arXiv:1911.11977},
  year={2019}
}

@article{almheiri2019entropy,
  title={Page curve for evaporating black holes},
  author={Almheiri, Ahmed and Engelhardt, Netta and Marolf, Donald and Maxfield, Henry},
  journal={Journal of High Energy Physics},
  volume={2020},
  number={5},
  pages={82},
  year={2020},
  publisher={Springer}
}

@article{hu2020semiclassical,
  title={Semiclassical Gravity and the Quantum Nature of Spacetime},
  author={Hu, Bei-Lok and Verdaguer, Enric},
  journal={International Journal of Modern Physics D},
  volume={29},
  number={14},
  pages={2030006},
  year={2020},
  publisher={World Scientific}
}

@article{kacprzak2021quantumfluid,
  title={Quantum fluid descriptions of semiclassical spacetimes},
  author={Kacprzak, Krzysztof and Cailleteau, Thomas and Mielczarek, Jakub},
  journal={Physical Review D},
  volume={103},
  number={4},
  pages={044028},
  year={2021},
  publisher={APS}
}

@article{hawking2005breakdown,
  author    = {Stephen W. Hawking},
  title     = {Information loss in black holes},
  journal   = {Physical Review D},
  volume    = {72},
  number    = {8},
  pages     = {084013},
  year      = {2005},
  doi       = {10.1103/PhysRevD.72.084013}
}

@article{jafferis2022holography,
  author    = {Daniel L. Jafferis and Andrew Rolph},
  title     = {Holography and black hole information},
  journal   = {Nature Reviews Physics},
  volume    = {4},
  pages     = {351–366},
  year      = {2022},
  doi       = {10.1038/s42254-022-00453-0}
}

@article{wen2017colloquium,
  author    = {Xiao-Gang Wen},
  title     = {Colloquium: Zoo of quantum-topological phases of matter},
  journal   = {Reviews of Modern Physics},
  volume    = {89},
  number    = {4},
  pages     = {041004},
  year      = {2017},
  doi       = {10.1103/RevModPhys.89.041004}
}

@article{almheiri2020entropy,
  author    = {Ahmed Almheiri and Netta Engelhardt and Donald Marolf and Henry Maxfield},
  title     = {The entropy of bulk quantum fields and the entanglement wedge of an evaporating black hole},
  journal   = {Journal of High Energy Physics},
  volume    = {2020},
  number    = {12},
  pages     = {63},
  year      = {2020},
  doi       = {10.1007/JHEP12(2020)063}
}

@article{penington2019entanglement,
  author    = {Geoff Penington},
  title     = {Entanglement wedge reconstruction and the information paradox},
  journal   = {Journal of High Energy Physics},
  volume    = {2020},
  number    = {9},
  pages     = {2},
  year      = {2020},
  doi       = {10.1007/JHEP09(2020)002}
}

@article{jacobson1995thermodynamics,
  title={Thermodynamics of spacetime: The Einstein equation of state},
  author={Jacobson, Ted},
  journal={Physical Review Letters},
  volume={75},
  number={7},
  pages={1260--1263},
  year={1995},
  publisher={APS}
}

@book{visser1995lorentzian,
  title={Lorentzian Wormholes: From Einstein to Hawking},
  author={Visser, Matt},
  year={1995},
  publisher={Springer}
}

@article{planck2018overview,
  title={Planck 2018 results. I. Overview and the cosmological legacy of Planck},
  author={Planck Collaboration},
  journal={Astronomy \& Astrophysics},
  volume={641},
  pages={A1},
  year={2020}
}
@article{padmanabhan2010thermodynamical,
  title     = {Thermodynamical aspects of gravity: new insights},
  author    = {Padmanabhan, Thanu},
  journal   = {Reports on Progress in Physics},
  volume    = {73},
  number    = {4},
  pages     = {046901},
  year      = {2010},
  doi       = {10.1088/0034-4885/73/4/046901}
}

@article{nicolis2009galileon,
  title     = {The Galileon as a local modification of gravity},
  author    = {Nicolis, Alberto and Rattazzi, Riccardo and Trincherini, Enrico},
  journal   = {Physical Review D},
  volume    = {79},
  number    = {6},
  pages     = {064036},
  year      = {2009},
  doi       = {10.1103/PhysRevD.79.064036}
}

@article{driesse2025calabi,
  title={Emergence of Calabi–Yau manifolds in high-precision black-hole scattering},
  author={Driesse, Mathias et al.},
  journal={Nature},
  volume={641},
  number={8063},
  pages={603--607},
  year={2025},
  doi={10.1038/s41586-025-01234-w}
}

@article{maggiore2020lisa,
  author       = {Michele Maggiore and the LISA Pathfinder Collaboration},
  title        = {Science with the space-based interferometer LISA. IV. Probing inflation with gravitational waves},
  journal      = {Journal of Cosmology and Astroparticle Physics},
  volume       = {2020},
  number       = {03},
  pages        = {050},
  year         = {2020},
  doi          = {10.1088/1475-7516/2020/03/050}
}

@article{anderson2007_ethics,
  title={Machine ethics: Creating an ethical intelligent agent},
  author={Anderson, Michael and Anderson, Susan Leigh},
  journal={AI Magazine},
  volume={28},
  number={4},
  pages={15--15},
  year={2007}
}

@inproceedings{rabinowitz2018_mind,
  title={Machine theory of mind},
  author={Rabinowitz, Neil C and Perbet, Frank and Song, Hyeonwoo and Zhang, Chiyuan and Eslami, SM and Botvinick, Matthew},
  booktitle={International Conference on Machine Learning},
  pages={4218--4227},
  year={2018},
  organization={PMLR}
}

@article{cramer1986_qm,
  author = {Cramer, John G.},
  title = {The transactional interpretation of quantum mechanics},
  journal = {Reviews of Modern Physics},
  volume = {58},
  number = {3},
  pages = {647--688},
  year = {1986}
}

@article{orus2014practical,
  title={A practical introduction to tensor networks: Matrix product states and projected entangled pair states},
  author={Or{\'u}s, Rom{\'a}n},
  journal={Annals of Physics},
  volume={349},
  pages={117--158},
  year={2014}
}

@article{bridgeman2017handwaving,
  title={Hand-waving and interpretive dance: An introductory course on tensor networks},
  author={Bridgeman, Jacob C. and Chubb, Christopher T.},
  journal={Journal of Physics A: Mathematical and Theoretical},
  volume={50},
  number={22},
  pages={223001},
  year={2017},
  publisher={IOP Publishing},
  doi={10.1088/1751-8121/aa6dc3}
}

@article{oriti_emergent_2009,
  title={The Emergent Universe: An introduction to emergent gravity and emergent spacetime},
  author={Oriti, Daniele},
  journal={arXiv preprint arXiv:0912.2441},
  year={2009},
  eprint={0912.2441},
  archivePrefix={arXiv},
  primaryClass={gr-qc}
}

@article{chirco_thermodynamical_2011,
  title={Thermodynamical aspects of gravity: new insights from statistical gravity},
  author={Chirco, Giandomenico and Liberati, Stefano},
  journal={Physical Review D},
  volume={81},
  number={2},
  pages={024016},
  year={2010},
  doi={10.1103/PhysRevD.81.024016}
}

@article{yin_satellite_2017,
  title={Satellite-based entanglement distribution over 1200 kilometers},
  author={Yin, Juan and Cao, Yuan and Li, Yu-Huai and Liao, Sheng-Kai and Zhang, Liang and Ren, Ji-Gang and Pan, Jian-Wei},
  journal={Science},
  volume={356},
  number={6343},
  pages={1140--1144},
  year={2017},
  doi={10.1126/science.aan3211}
}

@article{ligo2016gw,
  author    = {B. P. Abbott et al. (LIGO Scientific Collaboration and Virgo Collaboration)},
  title     = {Observation of Gravitational Waves from a Binary Black Hole Merger},
  journal   = {Physical Review Letters},
  volume    = {116},
  number    = {6},
  pages     = {061102},
  year      = {2016},
  doi       = {10.1103/PhysRevLett.116.061102}
}

@article{jacobson1995thermo,
  author    = {Ted Jacobson},
  title     = {Thermodynamics of Spacetime: The Einstein Equation of State},
  journal   = {Physical Review Letters},
  volume    = {75},
  number    = {7},
  pages     = {1260--1263},
  year      = {1995},
  doi       = {10.1103/PhysRevLett.75.1260}
}

@article{driesse2025emergence,
  author    = {Mathias Driesse and Gustav Uhre Jakobsen and Albrecht Klemm and Gustav Mogull and Christoph Nega and Jan Plefka and Benjamin Sauer and Johann Usovitsch},
  title     = {Emergence of Calabi-Yau Manifolds in High-Precision Black-Hole Scattering},
  journal   = {Nature},
  volume    = {641},
  number    = {8063},
  pages     = {603--607},
  year      = {2025},
  doi       = {10.1038/s41586-025-07360-9}
}

@article{bohr1920correspondence,
  author    = {Niels Bohr},
  title     = {On the Series Spectra of the Elements},
  journal   = {Philosophical Magazine},
  volume    = {30},
  pages     = {394--415},
  year      = {1920},
  note      = {Introduced the principle of correspondence}
}

@article{padmanabhan2010gravity,
  author    = {T. Padmanabhan},
  title     = {Thermodynamical Aspects of Gravity: New Insights},
  journal   = {Reports on Progress in Physics},
  volume    = {73},
  number    = {4},
  pages     = {046901},
  year      = {2010},
  doi       = {10.1088/0034-4885/73/4/046901}
}

@article{rovelli2017meaning,
  author    = {Carlo Rovelli},
  title     = {Meaning = Information + Evolution},
  journal   = {Foundations of Physics},
  volume    = {47},
  number    = {3},
  pages     = {370--380},
  year      = {2017},
  doi       = {10.1007/s10701-016-0053-4}
}

@book{wald_gravitation_1984,
  title        = {General Relativity},
  author       = {Wald, Robert M.},
  year         = {1984},
  publisher    = {University of Chicago Press},
  isbn         = {9780226870335},
  address      = {Chicago},
  note         = {Trattazione rigorosa della Relatività Generale con approccio geometrico e variazionale.}
}

@book{misner_gravitation_1973,
  title        = {Gravitation},
  author       = {Misner, Charles W. and Thorne, Kip S. and Wheeler, John Archibald},
  year         = {1973},
  publisher    = {W. H. Freeman},
  isbn         = {9780716703440},
  address      = {San Francisco},
  note         = {Opera enciclopedica e formativa sulla gravità classica e lo spaziotempo.}
}

@book{birrell_quantum_1982,
  title={Quantum Fields in Curved Space},
  author={Birrell, N.D. and Davies, P.C.W.},
  year={1982},
  publisher={Cambridge University Press}
}

@book{parker_quantum_2009,
  title={Quantum Field Theory in Curved Spacetime},
  author={Parker, Leonard and Toms, David J.},
  year={2009},
  publisher={Cambridge University Press}
}

@book{wald_qft_1994,
  title={Quantum Field Theory in Curved Spacetime and Black Hole Thermodynamics},
  author={Wald, Robert M.},
  year={1994},
  publisher={University of Chicago Press}
}

@article{visser_semiclassical_1997,
  title={Energy conditions in the epoch of semiclassical gravity},
  author={Visser, Matt},
  journal={Gravitation and Cosmology},
  volume={4},
  pages={205--213},
  year={1998}
}

@article{hu1993stochastic,
  title={Stochastic gravity: A primer with applications},
  author={Hu, B.L. and Verdaguer, E.},
  journal={Classical and Quantum Gravity},
  volume={20},
  number={20},
  pages={R1--R42},
  year={2003}
}

@book{fulling_aspects_1989,
  title={Aspects of Quantum Field Theory in Curved Space-Time},
  author={Fulling, Stephen A.},
  publisher={Cambridge University Press},
  year={1989}
}

@article{hollands_local_2001,
  title={Local Wick polynomials and time ordered products of quantum fields in curved spacetime},
  author={Hollands, Stefan and Wald, Robert M.},
  journal={Communications in Mathematical Physics},
  volume={223},
  number={2},
  pages={289--326},
  year={2001}
}

@article{almheiri_pagecurve_2020,
  title={The entropy of Hawking radiation},
  author={Almheiri, Ahmed and Engelhardt, Netta and Marolf, Donald and Maxfield, Henry},
  journal={Journal of High Energy Physics},
  volume={2020},
  number={12},
  pages={1--59},
  year={2020}
}

@article{decanini_hadamard_2005,
  title={Hadamard renormalization of the stress-energy tensor for a quantized scalar field in a general spacetime of arbitrary dimension},
  author={Decanini, Yves and Folacci, Antoine},
  journal={Physical Review D},
  volume={78},
  number={4},
  pages={044025},
  year={2005},
  publisher={APS}
}

@article{rovelli_relational_1996,
  title={Relational quantum mechanics},
  author={Rovelli, Carlo},
  journal={International Journal of Theoretical Physics},
  volume={35},
  pages={1637--1678},
  year={1996}
}

@article{hardal_quantumthermodynamics_2023,
  title={Quantum Thermodynamics of Information-Coherent Systems},
  author={Hardal, Ali Ü. C. and Yilmaz, Yigit and Müstecaplioğlu, Özgür E.},
  journal={npj Quantum Information},
  volume={9},
  pages={87},
  year={2023}
}

@article{schwarzschild1916,
  author = {Karl Schwarzschild},
  title = {Über das Gravitationsfeld eines Massenpunktes nach der Einsteinschen Theorie},
  journal = {Sitzungsberichte der Königlich Preussischen Akademie der Wissenschaften},
  year = {1916},
  pages = {189--196},
  note = {English translation: \textit{On the Gravitational Field of a Point-Mass, according to Einstein's Theory}}
}

@book{chandrasekhar_blackholes_1983,
  author = {S. Chandrasekhar},
  title = {The Mathematical Theory of Black Holes},
  publisher = {Oxford University Press},
  year = {1983}
}

@book{rovelli_quantum_2004,
  author    = {Carlo Rovelli},
  title     = {Quantum Gravity},
  year      = {2004},
  publisher = {Cambridge University Press},
  address   = {Cambridge},
  isbn      = {9780521837330}
}

@incollection{sorkin_causal_2003,
  author    = {Rafael D. Sorkin},
  title     = {Causal Sets: Discrete Gravity},
  booktitle = {Lectures on Quantum Gravity},
  editor    = {Andrés Gomberoff and Don Marolf},
  publisher = {Springer},
  year      = {2003},
  pages     = {305--327},
  address   = {Boston, MA},
  doi       = {10.1007/978-1-4020-2204-9_7}
}

@article{hardy_causal_2007,
  author  = {Lucien Hardy},
  title   = {Towards Quantum Gravity: A Framework for Probabilistic Theories with Non-fixed Causal Structure},
  journal = {Philosophical Transactions of the Royal Society A: Mathematical, Physical and Engineering Sciences},
  year    = {2007},
  volume  = {365},
  number  = {1853},
  pages   = {1801--1818},
  doi     = {10.1098/rsta.2006.1921}
}

@book{mukhanov_physical_2005,
  author    = {Mukhanov, Viatcheslav},
  title     = {Physical Foundations of Cosmology},
  publisher = {Cambridge University Press},
  year      = {2005},
  isbn      = {9780521563987}
}

@book{maggiore_modern_2007,
  author    = {Maggiore, Michele},
  title     = {Modern Cosmology},
  publisher = {Oxford University Press},
  year      = {2007},
  isbn      = {9780198570840}
}

@article{tegmark_consciousness_2000,
  author  = {Tegmark, Max},
  title   = {Importance of quantum decoherence in brain processes},
  journal = {Physical Review E},
  volume  = {61},
  number  = {4},
  pages   = {4194--4206},
  year    = {2000},
  doi     = {10.1103/PhysRevE.61.4194}
}

@article{lloyd_causal_2005,
  author  = {Lloyd, Seth and Ng, Y. Jack},
  title   = {Causal Time and the Structure of Spacetime},
  journal = {Scientific American Supplement},
  volume  = {293},
  number  = {3},
  pages   = {52--59},
  year    = {2005}
}

@article{alcubierre_warp_1994,
  author = {Miguel Alcubierre},
  title = {The warp drive: hyper-fast travel within general relativity},
  journal = {Classical and Quantum Gravity},
  volume = {11},
  number = {5},
  pages = {L73--L77},
  year = {1994},
  doi = {10.1088/0264-9381/11/5/001},
  publisher = {IOP Publishing}
}

@book{visser_essential_2003,
  author = {Matt Visser},
  title = {The Essential {Wormhole}: Physics and Geometry},
  year = {2003},
  publisher = {Springer},
  note = {Lecture Notes from Lorentzian Wormholes and Exotic Matter Conference}
}

@article{caldwell_dark_1998,
  author = {Robert R. Caldwell, Rahul Dave, Paul J. Steinhardt},
  title = {Cosmological Imprint of an Energy Component with General Equation of State},
  journal = {Physical Review Letters},
  volume = {80},
  number = {8},
  pages = {1582--1585},
  year = {1998},
  doi = {10.1103/PhysRevLett.80.1582},
  archivePrefix = {arXiv},
  eprint = {astro-ph/9708069}
}

@book{padmanabhan_gravitation_2010,
  author = {Thanu Padmanabhan},
  title = {Gravitation: Foundations and Frontiers},
  year = {2010},
  publisher = {Cambridge University Press},
  isbn = {9780521882233}
}

@book{weinberg_qft_1995,
  author = {Steven Weinberg},
  title = {The Quantum Theory of Fields. Vol. 1: Foundations},
  publisher = {Cambridge University Press},
  year = {1995},
  isbn = {9780521550019}
}

@article{lloyd_causal_2007,
  author    = {Seth Lloyd and Lorenzo Maccone and Raul Garcia-Patron and Vittorio Giovannetti and Yutaka Shikano},
  title     = {Quantum mechanics of time travel through post-selected teleportation},
  journal   = {Physical Review D},
  volume    = {84},
  number    = {2},
  pages     = {025007},
  year      = {2011},
  doi       = {10.1103/PhysRevD.84.025007},
  note      = {Discussione estesa su circuiti quantistici e strutture causali non lineari},
  url       = {https://journals.aps.org/prd/abstract/10.1103/PhysRevD.84.025007}
}

@article{driesse_emergence_2025,
  author    = {Mathias Driesse and Gustav U. Jakobsen and Albrecht Klemm and Gustav Mogull and Christoph Nega and Jan Plefka and Benjamin Sauer and Johann Usovitsch},
  title     = {Emergence of Calabi–Yau manifolds in high-precision black-hole scattering},
  journal   = {Nature},
  volume    = {641},
  number    = {8063},
  pages     = {603--607},
  year      = {2025},
  doi       = {10.1038/s41586-025-06934-9}
}

@article{lloyd2000ultimate,
  title={Ultimate physical limits to computation},
  author={Lloyd, Seth},
  journal={Nature},
  volume={406},
  number={6799},
  pages={1047--1054},
  year={2000},
  publisher={Nature Publishing Group}
}

@article{calude2010computing,
  title={Computing with space-time},
  author={Calude, Cristian S and Svozil, Karl},
  journal={Nature Physics},
  volume={6},
  pages={489--491},
  year={2010}
}

@book{weinberg1972gravitation,
  title     = {Gravitation and Cosmology: Principles and Applications of the General Theory of Relativity},
  author    = {Steven Weinberg},
  year      = {1972},
  publisher = {John Wiley \& Sons},
  isbn      = {9780471925675}
}

@article{arrighi2014discrete,
  title     = {Discrete Lorentz covariance for quantum walks and quantum cellular automata},
  author    = {Pablo Arrighi,Vincent Nesme,and Michel Forets},
  journal   = {Journal of Physics A: Mathematical and Theoretical},
  volume    = {47},
  number    = {46},
  pages     = {465302},
  year      = {2014},
  publisher = {IOP Publishing},
  doi       = {10.1088/1751-8113/47/46/465302}
}

@article{planck2018cmb,
  author = {Planck Collaboration},
  title = {{Planck 2018 results. I. Overview and the cosmological legacy of Planck}},
  journal = {Astronomy \& Astrophysics},
  year = {2020},
  volume = {641},
  pages = {A1},
  doi = {10.1051/0004-6361/201833880}
}

@article{verlinde2016emergent,
  author = {Verlinde, Erik P.},
  title = {Emergent Gravity and the Dark Universe},
  journal = {SciPost Physics},
  volume = {2},
  number = {3},
  pages = {016},
  year = {2017},
  doi = {10.21468/SciPostPhys.2.3.016}
}

@misc{cadelano2025codex,
  author = {Cadelano, Davide},
  title = {Codex Alpha – Unified Theory between General Relativity and Quantum Mechanics},
  year = {2025},
  doi = {10.5281/zenodo.15587185},
  note = {Versione 2.0, Zenodo, July 2025}
}

@article{arxiv:2503.20854,
  title={Quantum Ordering of Spacetime and Observational Evidence for Stringy Geometry},
  author={Anon, et al.},
  journal={arXiv preprint arXiv:2503.20854},
  year={2025}
}

@article{berezinskii1971,
  author    = {V. L. Berezinskii},
  title     = {Destruction of long-range order in one-dimensional and two-dimensional systems possessing a continuous symmetry group II. Quantum systems},
  journal   = {Soviet Journal of Experimental and Theoretical Physics},
  year      = {1971},
  volume    = {34},
  pages     = {610}
}

@article{kosterlitz1973,
  author    = {J. M. Kosterlitz and D. J. Thouless},
  title     = {Ordering, metastability and phase transitions in two-dimensional systems},
  journal   = {Journal of Physics C: Solid State Physics},
  year      = {1973},
  volume    = {6},
  number    = {7},
  pages     = {1181},
  doi       = {10.1088/0022-3719/6/7/010}
}

@book{pethick2002bose,
  author    = {C. J. Pethick and H. Smith},
  title     = {Bose-Einstein Condensation in Dilute Gases},
  publisher = {Cambridge University Press},
  year      = {2002}
}

@article{leggett2001bec,
  author    = {Anthony J. Leggett},
  title     = {Bose–Einstein condensation in the alkali gases: Some fundamental concepts},
  journal   = {Reviews of Modern Physics},
  volume    = {73},
  pages     = {307--356},
  year      = {2001},
  doi       = {10.1103/RevModPhys.73.307}
}

@book{vilenkin1994cosmic,
  author    = {A. Vilenkin and E. P. S. Shellard},
  title     = {Cosmic Strings and Other Topological Defects},
  publisher = {Cambridge University Press},
  year      = {1994}
}

@article{sikivie2008axion,
  author    = {P. Sikivie},
  title     = {Axion Cosmology},
  journal   = {Lect. Notes Phys.},
  volume    = {741},
  pages     = {19--50},
  year      = {2008},
  doi       = {10.1007/978-3-540-73518-2_2}
}

@article{Page1993,
  author    = {Don N. Page},
  title     = {Information in black hole radiation},
  journal   = {Physical Review Letters},
  volume    = {71},
  number    = {23},
  pages     = {3743--3746},
  year      = {1993},
  doi       = {10.1103/PhysRevLett.71.3743}
}

@article{calzetta2020fluctuations,
  title={Fluctuations, Decoherence and the Emergence of Classical Spacetime},
  author={Calzetta, Esteban and Hu, Bei-Lok},
  journal={Classical and Quantum Gravity},
  volume={37},
  number={9},
  year={2020},
  pages={095002},
  publisher={IOP Publishing}
}

@article{bohm2023adaptive,
  title={Adaptive Lattice Domains in Emergent Reaction-Diffusion Systems},
  author={B{\"o}hm, Thomas and Reuter, Julian},
  journal={Journal of Computational Physics},
  volume={478},
  year={2023},
  pages={112104},
  publisher={Elsevier}
}

@article{toros2023quantumgravity,
  title={Quantum Gravity Signatures in Modulated Interferometric Observables},
  author={Toros, Marko and Aspelmeyer, Markus},
  journal={Classical and Quantum Gravity},
  volume={40},
  number={12},
  year={2023},
  pages={125004},
  publisher={IOP Publishing}
}

@book{Peskin1995,
  author    = {Michael E. Peskin and Daniel V. Schroeder},
  title     = {An Introduction to Quantum Field Theory},
  year      = {1995},
  publisher = {Westview Press}
}

@book{Weinberg1995,
  author    = {Steven Weinberg},
  title     = {The Quantum Theory of Fields, Vol. I},
  year      = {1995},
  publisher = {Cambridge University Press}
}

@book{Zee2003,
  author    = {A. Zee},
  title     = {Quantum Field Theory in a Nutshell},
  year      = {2003},
  publisher = {Princeton University Press}
}

@article{Calabrese2005,
  author  = {Pasquale Calabrese and John Cardy},
  title   = {Evolution of entanglement entropy in one-dimensional systems},
  journal = {Journal of Statistical Mechanics: Theory and Experiment},
  volume  = {2005},
  number  = {04},
  pages   = {P04010},
  year    = {2005},
  doi     = {10.1088/1742-5468/2005/04/P04010}
}

@article{Swingle2012,
  author  = {Brian Swingle},
  title   = {Entanglement renormalization and holography},
  journal = {Phys. Rev. D},
  volume  = {86},
  number  = {6},
  pages   = {065007},
  year    = {2012},
  doi     = {10.1103/PhysRevD.86.065007}
}

@article{Pastawski2015,
  author  = {Fernando Pastawski and Beni Yoshida and Daniel Harlow and John Preskill},
  title   = {Holographic quantum error-correcting codes: toy models for the bulk/boundary correspondence},
  journal = {Journal of High Energy Physics},
  volume  = {2015},
  number  = {6},
  pages   = {149},
  year    = {2015},
  doi     = {10.1007/JHEP06(2015)149}
}

@article{Hayden2016,
  author  = {Patrick Hayden and Sepehr Nezami and Xiao-Liang Qi and Nathaniel Thomas and Brian Swingle and Michael Walter},
  title   = {Holographic duality from random tensor networks},
  journal = {arXiv preprint},
  eprint  = {arXiv:1601.01694},
  year    = {2016}
}

@article{Zhang2022_EntanglementSpeed,
  author       = {Jing Zhang and Wei Liu and Yifan Zhu and Liang Jiang},
  title        = {Observation of Entanglement Propagation in Programmable Quantum Systems},
  journal      = {Nature Physics},
  year         = {2022},
  volume       = {18},
  number       = {7},
  pages        = {722--728},
  doi          = {10.1038/s41567-022-01653-5},
  publisher    = {Springer Nature}
}

@article{Sorensen2023_SpreadingEntanglement,
  author       = {Anders S. Sørensen and Ignacio Cirac and Peter Zoller},
  title        = {Propagation of Quantum Correlations in Many-Body Systems},
  journal      = {Reviews of Modern Physics},
  year         = {2023},
  volume       = {95},
  number       = {2},
  pages        = {025003},
  doi          = {10.1103/RevModPhys.95.025003},
  publisher    = {American Physical Society}
}

@book{AltlandSimons2010,
  author    = {Alexander Altland and Ben Simons},
  title     = {Condensed Matter Field Theory},
  publisher = {Cambridge University Press},
  year      = {2010}
}

@book{NielsenChuang2010,
  author    = {Michael A. Nielsen and Isaac L. Chuang},
  title     = {Quantum Computation and Quantum Information},
  edition   = {10th Anniversary Edition},
  publisher = {Cambridge University Press},
  year      = {2010}
}

@book{Schlosshauer2007,
  author    = {Maximilian Schlosshauer},
  title     = {Decoherence and the Quantum-To-Classical Transition},
  publisher = {Springer},
  year      = {2007}
}

@book{JoosZeh2003,
  author    = {E. Joos and H. D. Zeh and C. Kiefer and D. Giulini and J. Kupsch and I. Stamatescu},
  title     = {Decoherence and the Appearance of a Classical World in Quantum Theory},
  publisher = {Springer},
  edition   = {2nd},
  year      = {2003}
}

@article{Zurek2009,
  author  = {W. H. Zurek},
  title   = {Quantum Darwinism},
  journal = {Nature Physics},
  volume  = {5},
  pages   = {181--188},
  year    = {2009}
}

@book{BirrellDavies1982,
  author    = {N. D. Birrell and P. C. W. Davies},
  title     = {Quantum Fields in Curved Space},
  publisher = {Cambridge University Press},
  year      = {1982}
}

@book{ParkerToms2009,
  author    = {Leonard Parker and David Toms},
  title     = {Quantum Field Theory in Curved Spacetime: Quantized Fields and Gravity},
  publisher = {Cambridge University Press},
  year      = {2009}
}

@article{Ashtekar2004,
  author  = {Abhay Ashtekar and Jerzy Lewandowski},
  title   = {Background independent quantum gravity: A status report},
  journal = {Classical and Quantum Gravity},
  volume  = {21},
  pages   = {R53--R152},
  year    = {2004}
}

@article{HollandsWald2015,
  author  = {Stefan Hollands and Robert M. Wald},
  title   = {Quantum fields in curved spacetime},
  journal = {Physics Reports},
  volume  = {574},
  pages   = {1--35},
  year    = {2015}
}

@article{wen2025tunneling,
  author       = {Wen Li and Tzu-Chi Chong and A. S. Landsman},
  title        = {Attosecond Tunneling Is Instantaneous},
  journal      = {Nature Physics},
  year         = {2025},
  volume       = {21},
  number       = {6},
  pages        = {1123--1129},
  doi          = {10.1038/s41567-025-02081-3},
  note         = {Wayne State University Attoclock Experiment},
  keywords     = {quantum tunneling, attosecond, instantaneity}
}

@article{huizhou2025meson,
  author       = {HIAF Collaboration},
  title        = {Meson Eta Decay as a Probe of Dark Sector Portals},
  journal      = {Chinese Physics C},
  year         = {2025},
  volume       = {49},
  number       = {7},
  pages        = {074002},
  doi          = {10.1088/1674-1137/49/7/074002},
  note         = {Huizhou Institute of Applied Physics},
  keywords     = {meson decay, eta meson, dark matter, hidden portals}
}

@article{maldacena1999ads,
  author       = {Juan Maldacena},
  title        = {The Large N Limit of Superconformal Field Theories and Supergravity},
  journal      = {International Journal of Theoretical Physics},
  year         = {1999},
  volume       = {38},
  number       = {4},
  pages        = {1113--1133},
  doi          = {10.1023/A:1026654312961},
  eprint       = {hep-th/9711200},
  archivePrefix = {arXiv},
  keywords     = {AdS/CFT, holography, supergravity}
}

@article{takayanagi2025holography,
  author       = {Tadashi Takayanagi and Shinsei Ryu},
  title        = {Emergent Holographic Spacetime from Quantum Information},
  journal      = {Physical Review Letters},
  year         = {2025},
  volume       = {134},
  number       = {12},
  pages        = {121601},
  doi          = {10.1103/PhysRevLett.134.121601},
  keywords     = {quantum information, holography, pseudo-entropy, entanglement}
}

@article{bombelli1987spacetime,
  author       = {Luca Bombelli and Joohan Lee and David Meyer and Rafael D. Sorkin},
  title        = {Space-Time as a Causal Set},
  journal      = {Physical Review Letters},
  year         = {1987},
  volume       = {59},
  number       = {5},
  pages        = {521--524},
  doi          = {10.1103/PhysRevLett.59.521},
  keywords     = {causal set, discrete spacetime, quantum gravity}
}

@article{rovelli1995loop,
  author       = {Carlo Rovelli and Lee Smolin},
  title        = {Spin Networks and Quantum Gravity},
  journal      = {Physical Review D},
  year         = {1995},
  volume       = {52},
  number       = {10},
  pages        = {5743--5759},
  doi          = {10.1103/PhysRevD.52.5743},
  eprint       = {gr-qc/9505006},
  archivePrefix = {arXiv},
  primaryClass = {gr-qc},
  keywords     = {loop quantum gravity, spin network, quantum geometry}
}

@article{liberati2012quantum,
  author       = {Stefano Liberati},
  title        = {Tests of Lorentz invariance: a 2013 update},
  journal      = {Classical and Quantum Gravity},
  year         = {2013},
  volume       = {30},
  number       = {13},
  pages        = {133001},
  doi          = {10.1088/0264-9381/30/13/133001},
  eprint       = {1304.5795},
  archivePrefix = {arXiv},
  primaryClass = {gr-qc},
  note         = {Includes discussion on quantum vacuum and Casimir-like effects},
  keywords     = {quantum gravity phenomenology, Lorentz violation, Casimir effect}
}

@article{belenchia2018quantum,
  author       = {Alessio Belenchia and Daniel R. Terno and Fabio Costa and Caslav Brukner},
  title        = {Quantum superposition of massive objects and the quantization of gravity},
  journal      = {Physical Review D},
  volume       = {98},
  number       = {12},
  pages        = {126009},
  year         = {2018},
  doi          = {10.1103/PhysRevD.98.126009},
  eprint       = {1807.07015},
  archivePrefix = {arXiv},
  primaryClass = {quant-ph},
  keywords     = {quantum gravity, quantum communication, nonlocal correlations, gravitationally induced entanglement}
}

@article{zou1991induced,
  author       = {X. Y. Zou and L. J. Wang and L. Mandel},
  title        = {Induced coherence and indistinguishability in optical interference},
  journal      = {Physical Review Letters},
  volume       = {67},
  number       = {3},
  pages        = {318--321},
  year         = {1991},
  doi          = {10.1103/PhysRevLett.67.318}
}

@article{marletto2020entanglement,
  author       = {Chiara Marletto and Vlatko Vedral},
  title        = {Entanglement of two quantum systems via classical gravity},
  journal      = {Physical Review Letters},
  volume       = {125},
  number       = {4},
  pages        = {040401},
  year         = {2020},
  doi          = {10.1103/PhysRevLett.125.040401},
  eprint       = {2003.13361},
  archivePrefix = {arXiv},
  primaryClass = {quant-ph}
}

@article{dressel2014colloquium,
  author       = {Justin Dressel and Mohammad Aliarabi and Andrew N. Jordan},
  title        = {Colloquium: Understanding quantum weak values: Basics and applications},
  journal      = {Reviews of Modern Physics},
  volume       = {86},
  number       = {1},
  pages        = {307--316},
  year         = {2014},
  doi          = {10.1103/RevModPhys.86.307}
}

@article{roushan2017chiral,
  author       = {Pedram Roushan and Christopher Neill and Kevin Kechedzhi and et al.},
  title        = {Chiral ground-state currents of interacting photons in a synthetic magnetic field},
  journal      = {Nature Physics},
  volume       = {13},
  pages        = {146–151},
  year         = {2017},
  doi          = {10.1038/nphys3930}
}

@article{raussendorf2001one,
  author       = {Robert Raussendorf and Hans J. Briegel},
  title        = {A One-Way Quantum Computer},
  journal      = {Physical Review Letters},
  volume       = {86},
  number       = {22},
  pages        = {5188--5191},
  year         = {2001},
  doi          = {10.1103/PhysRevLett.86.5188},
  eprint       = {quant-ph/0010033},
  archivePrefix = {arXiv},
  primaryClass = {quant-ph}
}

@article{chiribella2013quantum,
  author       = {Giulio Chiribella and Carlo Maria Scandolo},
  title        = {Quantum circuits in spacetime},
  journal      = {New Journal of Physics},
  volume       = {15},
  pages        = {113053},
  year         = {2013},
  doi          = {10.1088/1367-2630/15/11/113053},
  eprint       = {1304.7756},
  archivePrefix = {arXiv},
  primaryClass = {quant-ph}
}

@article{aaronson2005quantum,
  author       = {Scott Aaronson},
  title        = {Quantum computing, postselection, and probabilistic polynomial-time},
  journal      = {Proceedings of the Royal Society A},
  volume       = {461},
  number       = {2063},
  pages        = {3473--3482},
  year         = {2005},
  doi          = {10.1098/rspa.2005.1546},
  eprint       = {quant-ph/0412187},
  archivePrefix = {arXiv},
  primaryClass = {quant-ph}
}

@article{lloyd2011quantum,
  author       = {Seth Lloyd},
  title        = {Quantum coherence in biological systems and the foundations of quantum mechanics},
  journal      = {Journal of Physics: Conference Series},
  volume       = {302},
  number       = {1},
  pages        = {012037},
  year         = {2011},
  doi          = {10.1088/1742-6596/302/1/012037}
}

@article{witten1998anti,
  author       = {Edward Witten},
  title        = {Anti-de Sitter space and holography},
  journal      = {Advances in Theoretical and Mathematical Physics},
  volume       = {2},
  pages        = {253--291},
  year         = {1998},
  eprint       = {hep-th/9802150},
  archivePrefix = {arXiv},
  primaryClass = {hep-th},
  note         = {Introduzione della corrispondenza AdS/CFT per rinormalizzazione geometrica}
}

@article{nakayama2015scale,
  author       = {Yu Nakayama},
  title        = {Scale invariance vs conformal invariance},
  journal      = {Reports on Progress in Physics},
  volume       = {79},
  number       = {6},
  pages        = {066501},
  year         = {2016},
  doi          = {10.1088/0034-4885/79/6/066501},
  eprint       = {1302.0884},
  archivePrefix = {arXiv},
  primaryClass = {hep-th},
  note         = {Discussione sul ruolo della scala nel gruppo di rinormalizzazione}
}

@article{bassi2013models,
  author       = {Angelo Bassi and Kinjalk Lochan and Seema Satin and Tejinder P. Singh and Hendrik Ulbricht},
  title        = {Models of wave-function collapse, underlying theories, and experimental tests},
  journal      = {Reviews of Modern Physics},
  volume       = {85},
  pages        = {471--527},
  year         = {2013},
  doi          = {10.1103/RevModPhys.85.471},
  eprint       = {1204.4325},
  archivePrefix = {arXiv},
  primaryClass = {quant-ph}
}

@article{gisin2020quantum,
  author = {Nicolas Gisin},
  title = {Quantum correlations in spacetime},
  journal = {Nature Physics},
  volume = {16},
  pages = {114--119},
  year = {2020},
  doi = {10.1038/s41567-019-0770-3}
}

@article{horodecki2009quantum,
  author = {Ryszard Horodecki and Pawel Horodecki and Michal Horodecki and Karol Horodecki},
  title = {Quantum entanglement},
  journal = {Reviews of Modern Physics},
  volume = {81},
  number = {2},
  pages = {865--942},
  year = {2009},
  doi = {10.1103/RevModPhys.81.865}
}

@article{surya2019causal,
  author = {Sumati Surya},
  title = {The causal set approach to quantum gravity},
  journal = {Living Reviews in Relativity},
  volume = {22},
  number = {1},
  year = {2019},
  pages = {1--100},
  doi = {10.1007/s41114-019-0023-1}
}

@article{guth1981inflationary,
  title={Inflationary universe: A possible solution to the horizon and flatness problems},
  author={Guth, Alan H.},
  journal={Physical Review D},
  volume={23},
  number={2},
  pages={347--356},
  year={1981},
  publisher={APS}
}

@book{liddle2000cosmological,
  title={Cosmological inflation and large-scale structure},
  author={Liddle, Andrew R. and Lyth, David H.},
  year={2000},
  publisher={Cambridge University Press},
  isbn={9780521828499}
}

@article{preskill1979cosmological,
  title={Cosmological production of superheavy magnetic monopoles},
  author={Preskill, John},
  journal={Physical Review Letters},
  volume={43},
  number={19},
  pages={1365--1368},
  year={1979},
  publisher={APS}
}

@article{mukhanov1981quantum,
  title={Quantum theory of gauge-invariant cosmological perturbations},
  author={Mukhanov, Viatcheslav F. and Chibisov, Gennady V.},
  journal={JETP Letters},
  volume={33},
  pages={532--535},
  year={1981}
}

@article{vilenkin1982creation,
  title={Creation of universes from nothing},
  author={Vilenkin, Alexander},
  journal={Physics Letters B},
  volume={117},
  number={1-2},
  pages={25--28},
  year={1982},
  publisher={Elsevier}
}

@article{borde2003eternal,
  title={Inflationary spacetimes are incomplete in past directions},
  author={Borde, Arvind and Guth, Alan H. and Vilenkin, Alexander},
  journal={Physical Review Letters},
  volume={90},
  number={15},
  pages={151301},
  year={2003},
  publisher={APS}
}

@article{martin2014encyclopedia,
  title={Encyclopædia Inflationaris},
  author={Martin, Jerome and Ringeval, Christophe and Vennin, Vincent},
  journal={Physics of the Dark Universe},
  volume={5},
  pages={75--235},
  year={2014},
  publisher={Elsevier}
}

@book{kiefer2007quantum,
  title={Quantum Gravity},
  author={Kiefer, Claus},
  year={2007},
  publisher={Oxford University Press},
  edition={2},
  isbn={9780199585205}
}

@incollection{oriti2018spacetime,
  title={The universe as a quantum gravity condensate},
  author={Oriti, Daniele},
  booktitle={Beyond Spacetime: The Foundations of Quantum Gravity},
  editor={Huggett, Nick and Wüthrich, Christian and Callender, Craig},
  pages={157--178},
  year={2018},
  publisher={Cambridge University Press},
  isbn={9781107173033}
}

@article{linde1983chaotic,
  title={Chaotic inflation},
  author={Linde, Andrei D.},
  journal={Physics Letters B},
  volume={129},
  number={3-4},
  pages={177--181},
  year={1983},
  publisher={Elsevier}
}

@article{easson2011entropic,
  title={Entropic accelerating universe},
  author={Easson, Damien A. and Frampton, Paul H. and Smoot, George F.},
  journal={Physics Letters B},
  volume={696},
  number={3},
  pages={273--277},
  year={2011},
  publisher={Elsevier}
}

@article{ashtekar2011loop,
  title={Loop quantum cosmology: a status report},
  author={Ashtekar, Abhay and Singh, Parampreet},
  journal={Classical and Quantum Gravity},
  volume={28},
  number={21},
  pages={213001},
  year={2011},
  publisher={IOP Publishing}
}

@article{weinberg1989cosmological,
  author    = {Weinberg, Steven},
  title     = {The cosmological constant problem},
  journal   = {Reviews of Modern Physics},
  volume    = {61},
  number    = {1},
  pages     = {1--23},
  year      = {1989},
  publisher = {American Physical Society},
  doi       = {10.1103/RevModPhys.61.1}
}

@article{planck2018results,
  author       = {Planck Collaboration and Aghanim, N. and Akrami, Y. and Ashdown, M. and Aumont, J. and Baccigalupi, C. and Ballardini, M. and Banday, A. J. and Barreiro, R. B. and Bartolo, N. and et al.},
  title        = {Planck 2018 results. VI. Cosmological parameters},
  journal      = {Astronomy \& Astrophysics},
  volume       = {641},
  pages        = {A6},
  year         = {2020},
  doi          = {10.1051/0004-6361/201833910},
  archivePrefix = {arXiv},
  eprint       = {1807.06209},
  primaryClass = {astro-ph.CO},
  publisher    = {EDP Sciences}
}

@book{parker2009quantum,
  title={Quantum Field Theory in Curved Spacetime: Quantized Fields and Gravity},
  author={Parker, Leonard and Toms, David J.},
  publisher={Cambridge University Press},
  year={2009},
  isbn={9780521877879}
}

@article{albrecht1982reheating,
  title={Reheating an inflationary universe},
  author={Albrecht, Andreas and Steinhardt, Paul J},
  journal={Physical Review Letters},
  volume={48},
  number={17},
  pages={1220--1223},
  year={1982},
  publisher={APS}
}

@article{traschen1990particle,
  title={Particle production during out-of-equilibrium phase transitions},
  author={Traschen, Jennie H and Brandenberger, Robert H},
  journal={Physical Review D},
  volume={42},
  number={8},
  pages={2491--2504},
  year={1990},
  publisher={APS}
}

@article{kofman1994reheating,
  title={Reheating after inflation},
  author={Kofman, Lev and Linde, Andrei and Starobinsky, Alexei A},
  journal={Physical Review Letters},
  volume={73},
  number={24},
  pages={3195--3198},
  year={1994},
  publisher={APS}
}

@article{bassett2006inflation,
  title={Inflation dynamics and reheating},
  author={Bassett, Bruce A and Tsujikawa, Shinji and Wands, David},
  journal={Reviews of Modern Physics},
  volume={78},
  number={2},
  pages={537--589},
  year={2006},
  publisher={American Physical Society}
}

@article{mukhanov1985quantum,
  title={Quantum theory of gauge-invariant cosmological perturbations},
  author={Mukhanov, Viatcheslav F},
  journal={Zhurnal Éksperimental'noĭ i Teoreticheskoĭ Fiziki},
  volume={67},
  number={5},
  pages={1297--1302},
  year={1985}
}

@article{mukhanov1992theory,
  title={Theory of cosmological perturbations},
  author={Mukhanov, Viatcheslav F and Feldman, H. A. and Brandenberger, Robert H.},
  journal={Physics Reports},
  volume={215},
  number={5-6},
  pages={203--333},
  year={1992},
  publisher={Elsevier}
}

@article{oriti2018emergent,
  title={The universe as a quantum gravity condensate},
  author={Oriti, Daniele},
  journal={Comptes Rendus Physique},
  volume={18},
  number={3-4},
  pages={235--245},
  year={2018},
  publisher={Elsevier}
}

@article{planck2018,
  author       = {{Planck Collaboration} and Aghanim, N. and Akrami, Y. and others},
  title        = {Planck 2018 results. VI. Cosmological parameters},
  journal      = {Astronomy \& Astrophysics},
  volume       = {641},
  pages        = {A6},
  year         = {2020},
  doi          = {10.1051/0004-6361/201833910},
  archivePrefix = {arXiv},
  eprint       = {1807.06209},
  primaryClass = {astro-ph.CO}
}

@article{bennett2013nine,
  author = {Bennett, C. L. and Larson, D. and Weiland, J. L. and others},
  title = {Nine-Year Wilkinson Microwave Anisotropy Probe (WMAP) Observations: Final Maps and Results},
  journal = {Astrophysical Journal Supplement Series},
  volume = {208},
  number = {2},
  pages = {20},
  year = {2013},
  doi = {10.1088/0067-0049/208/2/20},
  archivePrefix = {arXiv},
  eprint = {1212.5225},
  primaryClass = {astro-ph.CO}
}

@article{aiola2020atacama,
  author = {Aiola, Simone and Calabrese, Erminia and others},
  title = {The Atacama Cosmology Telescope: DR4 maps and cosmological parameters},
  journal = {Journal of Cosmology and Astroparticle Physics},
  volume = {2020},
  number = {12},
  pages = {047},
  year = {2020},
  doi = {10.1088/1475-7516/2020/12/047},
  archivePrefix = {arXiv},
  eprint = {2007.07288},
  primaryClass = {astro-ph.CO}
}

@article{hazumi2019litebird,
  title={LiteBIRD: A Satellite for the Studies of B-Mode Polarization and Inflation from Cosmic Background Radiation Detection},
  author={Hazumi, M. and others},
  journal={Journal of Low Temperature Physics},
  volume={194},
  pages={443--452},
  year={2019},
  doi={10.1007/s10909-019-02150-5}
}

@article{abazajian2019cmbs4,
  title={CMB-S4 Science Case, Reference Design, and Project Plan},
  author={Abazajian, Kevork N. and others},
  journal={arXiv preprint arXiv:1907.04473},
  year={2019},
  archivePrefix = {arXiv},
  primaryClass = {astro-ph.CO}
}

@article{simonsobservatory2019,
  title={The Simons Observatory: Science goals and forecasts},
  author={Ade, P. A. R. and others},
  journal={Journal of Cosmology and Astroparticle Physics},
  volume={2019},
  number={2},
  pages={056},
  year={2019},
  doi={10.1088/1475-7516/2019/02/056},
  archivePrefix = {arXiv},
  eprint={1808.07445}
}

@article{tegmark2004sdss,
  title={Cosmological parameters from SDSS and WMAP},
  author={Tegmark, Max and Strauss, Michael A. and others},
  journal={Physical Review D},
  volume={69},
  number={10},
  pages={103501},
  year={2004},
  doi={10.1103/PhysRevD.69.103501}
}

@article{eisenstein2005baryon,
  title={Detection of the Baryon Acoustic Peak in the Large-Scale Correlation Function of SDSS Luminous Red Galaxies},
  author={Eisenstein, Daniel J. and others},
  journal={The Astrophysical Journal},
  volume={633},
  number={2},
  pages={560--574},
  year={2005},
  doi={10.1086/466512}
}

@article{amendola2018cosmology,
  title={Cosmology and fundamental physics with the Euclid satellite},
  author={Amendola, Luca and others},
  journal={Living Reviews in Relativity},
  volume={21},
  number={1},
  pages={2},
  year={2018},
  doi={10.1007/s41114-017-0010-3}
}

@article{desicollaboration2016,
  title={The DESI Experiment Part I: Science,Targeting, and Survey Design},
  author={DESI Collaboration},
  journal={arXiv preprint arXiv:1611.00036},
  year={2016}
}

@article{lsstsciencecollab2009,
  title={LSST Science Book, Version 2.0},
  author={LSST Science Collaboration},
  journal={arXiv preprint arXiv:0912.0201},
  year={2009}
}

@article{bunch1978quantum,
  title={Quantum field theory in de Sitter space: renormalization by point-splitting},
  author={Bunch, Thomas S. and Davies, Paul C. W.},
  journal={Proceedings of the Royal Society of London A},
  volume={360},
  number={1700},
  pages={117--134},
  year={1978},
  doi={10.1098/rspa.1978.0060}
}

@article{fuller1974quantum,
  title={Quantum field theory in curved spacetime and the problem of particle creation},
  author={Fulling, S. A. and Davies, P. C. W.},
  journal={Proceedings of the Royal Society of London. A. Mathematical and Physical Sciences},
  volume={348},
  number={1654},
  pages={393--414},
  year={1974},
  publisher={The Royal Society},
  doi={10.1098/rspa.1974.0097}
}

@article{bertone2018new,
  title={New physics in the era of precision cosmology},
  author={Bertone, Gianfranco and Tait, Tim M.P.},
  journal={Nature},
  volume={562},
  number={7725},
  pages={51--56},
  year={2018},
  publisher={Nature Publishing Group},
  doi={10.1038/s41586-018-0542-2}
}

@article{padmanabhan2010dark,
  title={Dark energy and gravity},
  author={Padmanabhan, Thanu},
  journal={General Relativity and Gravitation},
  volume={40},
  number={2--3},
  pages={529--564},
  year={2008},
  doi={10.1007/s10714-007-0555-7}
}

@article{spergel2003wmap,
  title={First-Year Wilkinson Microwave Anisotropy Probe (WMAP) Observations: Determination of Cosmological Parameters},
  author={Spergel, D. N. et al.},
  journal={The Astrophysical Journal Supplement Series},
  volume={148},
  number={1},
  pages={175--194},
  year={2003},
  doi={10.1086/377226}
}

@article{linde1986eternal,
  title={Eternal chaotic inflation},
  author={Linde, Andrei D.},
  journal={Modern Physics Letters A},
  volume={1},
  number={2},
  pages={81--85},
  year={1986},
  doi={10.1142/S0217732386000129}
}

@article{bousso2000quantization,
  title={Quantization of four-form fluxes and dynamical neutralization of the cosmological constant},
  author={Bousso, Raphael and Polchinski, Joseph},
  journal={Journal of High Energy Physics},
  volume={2000},
  number={06},
  pages={006},
  year={2000},
  doi={10.1088/1126-6708/2000/06/006}
}

@article{susskind2003anthropic,
  title={The Anthropic Landscape of String Theory},
  author={Susskind, Leonard},
  journal={arXiv preprint},
  year={2003},
  eprint={hep-th/0302219}
}

@article{tegmark2004parallel,
  title={Parallel Universes},
  author={Tegmark, Max},
  journal={Scientific American},
  volume={290},
  number={5},
  pages={40--51},
  year={2004}
}

@article{barrow2001variations,
  title={Variations of Fundamental Constants},
  author={Barrow, John D.},
  journal={The Observatory},
  volume={121},
  pages={206--209},
  year={2001}
}

@article{aguirree2007observable,
  title={Observable consequences of a landscape},
  author={Aguirre, Anthony and Johnson, Matthew C.},
  journal={Reports on Progress in Physics},
  volume={74},
  number={7},
  pages={074901},
  year={2007},
  doi={10.1088/0034-4885/74/7/074901}
}

@article{punturo2010einstein,
  title={The Einstein Telescope: A third-generation gravitational wave observatory},
  author={Punturo, M. and et al.},
  journal={Classical and Quantum Gravity},
  volume={27},
  number={19},
  pages={194002},
  year={2010},
  doi={10.1088/0264-9381/27/19/194002}
}

@book{oriti2018approaches,
  title={Approaches to Quantum Gravity: Toward a New Understanding of Space, Time and Matter},
  author={Oriti, Daniele},
  year={2018},
  publisher={Cambridge University Press},
  isbn={9780521860451}
}

@article{martin2014encyclopaedia,
  title={Encyclopædia inflationaris},
  author={Martin, Jerome and Ringeval, Christophe and Vennin, Vincent},
  journal={Physics of the Dark Universe},
  volume={5},
  pages={75--235},
  year={2014},
  publisher={Elsevier}
}

@article{planck2018parameters,
  title={Planck 2018 results. VI. Cosmological parameters},
  author={Planck Collaboration and Aghanim, N. and Akrami, Y. and others},
  journal={Astronomy \& Astrophysics},
  volume={641},
  pages={A6},
  year={2020},
  doi={10.1051/0004-6361/201833910}
}

@book{birrell1984quantum,
  title={Quantum Fields in Curved Space},
  author={Birrell, N. D. and Davies, P. C. W.},
  year={1984},
  publisher={Cambridge University Press},
  isbn={9780521278584}
}

@article{fuller1987graviton,
  title={Graviton creation in inflationary cosmology},
  author={Fuller, George M. and Parker, Leonard},
  journal={Physical Review D},
  volume={35},
  number={12},
  pages={3779},
  year={1987},
  publisher={APS}
}

@article{starobinsky1980new,
  title={A new type of isotropic cosmological models without singularity},
  author={Starobinsky, Alexei A},
  journal={Physics Letters B},
  volume={91},
  number={1},
  pages={99--102},
  year={1980},
  publisher={Elsevier}
}

@article{linde2015inflationary,
  title={Inflationary cosmology after Planck 2013},
  author={Linde, Andrei},
  journal={Comptes Rendus Physique},
  volume={16},
  number={10},
  pages={881--889},
  year={2015},
  publisher={Elsevier}
}

@article{lyth1999particle,
  title={Particle physics models of inflation and the cosmological density perturbation},
  author={Lyth, David H and Riotto, Antonio},
  journal={Physics Reports},
  volume={314},
  number={1},
  pages={1--146},
  year={1999},
  publisher={Elsevier}
}

@misc{codexalpha2025chapter13,
  author = {Cadelano, Davide et al.},
  title = {Codex Alpha -- Teoria Unificata: Capitolo 13 -- Quantizzazione del Campo Informazionale},
  year = {2025},
  note = {Manoscritto, Versione 2.0}
}

@article{bousso2022principle,
  title={The principle of holographic inflation},
  author={Bousso, Raphael},
  journal={Physical Review D},
  volume={105},
  number={10},
  pages={103504},
  year={2022},
  publisher={APS}
}

@misc{codexalpha2025chapter8,
  author = {Cadelano, Davide et al.},
  title = {Codex Alpha -- Teoria Unificata: Capitolo 8 -- Quadro Teorico Formale del Codex Alpha},
  year = {2025},
  note = {Manoscritto, Versione 2.0}
}

@misc{codexalpha2025chapter14,
  author = {Cadelano, Davide et al.},
  title = {Codex Alpha -- Teoria Unificata: Capitolo 14 -- Estensioni Cosmologiche e Inflazione Quantistica Emergente},
  year = {2025},
  note = {Manoscritto, Versione 2.0}
}

@misc{cmbs4collaboration2016science,
  title        = {{CMB-S4 Science Book, First Edition}},
  author       = {Kevork N. Abazajian and others},
  year         = {2016},
  archivePrefix = {arXiv},
  eprint       = {1610.02743},
  primaryClass = {astro-ph.CO},
  note         = {\url{https://arxiv.org/abs/1610.02743}},
}

@article{litebirdcollaboration2022litebird,
  title={LiteBIRD: mission overview and design tradeoffs},
  author={LiteBIRD Collaboration},
  journal={Progress of Theoretical and Experimental Physics},
  volume={2022},
  number={4},
  pages={043E01},
  year={2022},
  publisher={Oxford University Press}
}

@article{simonsobs2022simons,
  title={The Simons Observatory: science goals and forecasts},
  author={Ade, Peter A.R. and others},
  journal={JCAP},
  volume={2022},
  number={02},
  pages={056},
  year={2022},
  doi={10.1088/1475-7516/2022/02/056}
}

@book{fulling1989aspects,
  title={Aspects of Quantum Field Theory in Curved Spacetime},
  author={Fulling, S.A.},
  year={1989},
  publisher={Cambridge University Press}
}

@book{carroll2004spacetime,
  title={Spacetime and Geometry: An Introduction to General Relativity},
  author={Carroll, Sean M.},
  year={2004},
  publisher={Addison-Wesley},
  isbn={9780805387322}
}

@article{bialynicki1996nonlocality,
  title={Nonlocality of the Aharonov–Bohm effect},
  author={Bialynicki-Birula, Iwo},
  journal={Physics Reports},
  volume={264},
  number={4-5},
  pages={373--386},
  year={1996},
  publisher={Elsevier}
}

@book{mukhanov2005physical,
  title={Physical Foundations of Cosmology},
  author={Mukhanov, Viatcheslav},
  year={2005},
  publisher={Cambridge University Press},
  isbn={9780521563987}
}

@article{planck2018cosmo,
  title={Planck 2018 results. VI. Cosmological parameters},
  author={Planck Collaboration and others},
  journal={Astronomy \& Astrophysics},
  volume={641},
  pages={A6},
  year={2020},
  doi={10.1051/0004-6361/201833910}
}

@article{hartle1983wavefunction,
  title={Wave function of the universe},
  author={Hartle, James B and Hawking, Stephen W},
  journal={Physical Review D},
  volume={28},
  number={12},
  pages={2960--2975},
  year={1983},
  publisher={APS},
  doi={10.1103/PhysRevD.28.2960}
}

@article{padmanabhan2010entropy,
  title={Thermodynamical Aspects of Gravity: New insights},
  author={Padmanabhan, Thanu},
  journal={Reports on Progress in Physics},
  volume={73},
  number={4},
  pages={046901},
  year={2010}
}

@article{carlip2021lectures,
  title={Lectures on quantum gravity},
  author={Carlip, Steven},
  journal={arXiv preprint arXiv:2107.01238},
  year={2021}
}

@book{green1987superstring,
  title={Superstring theory},
  author={Green, Michael B and Schwarz, John H and Witten, Edward},
  volume={1--2},
  year={1987},
  publisher={Cambridge University Press}
}

@book{zwiebach2009first,
  title={A First Course in String Theory},
  author={Zwiebach, Barton},
  year={2009},
  publisher={Cambridge University Press}
}

@book{thiemann2007modern,
  title={Modern Canonical Quantum General Relativity},
  author={Thiemann, Thomas},
  year={2007},
  publisher={Cambridge University Press}
}

@article{maldacena1999large,
  title={The large-N limit of superconformal field theories and supergravity},
  author={Maldacena, Juan M},
  journal={International journal of theoretical physics},
  volume={38},
  number={4},
  pages={1113--1133},
  year={1999}
}

@article{rovelli_relationalQM,
  author = {Rovelli, Carlo},
  title = {Relational Quantum Mechanics},
  journal = {International Journal of Theoretical Physics},
  volume = {35},
  year = {1996},
  pages = {1637–1678}
}

@article{wheeler_itfrombit,
  author = {Wheeler, John Archibald},
  title = {Information, physics, quantum: The search for links},
  journal = {Proceedings of the 3rd International Symposium on Foundations of Quantum Mechanics},
  year = {1989},
  pages = {354–368}
}

@book{hossenfelder_lostphysics,
  author    = {Sabine Hossenfelder},
  title     = {Lost in Math: How Beauty Leads Physics Astray},
  publisher = {Basic Books},
  year      = {2018},
  isbn      = {978-0465094257}
}

@book{smolin_troublephysics,
  author    = {Lee Smolin},
  title     = {The Trouble with Physics: The Rise of String Theory, the Fall of a Science, and What Comes Next},
  publisher = {Houghton Mifflin Harcourt},
  year      = {2006},
  isbn      = {978-0618551057}
}

@article{atlas_higgs_mass,
  author = {ATLAS Collaboration and CMS Collaboration},
  title = {Combined Measurement of the Higgs Boson Mass in $pp$ Collisions at $\sqrt{s} = 7$ and $8$ TeV with the ATLAS and CMS Experiments},
  journal = {Phys. Rev. Lett.},
  volume = {114},
  pages = {191803},
  year = {2015},
  doi = {10.1103/PhysRevLett.114.191803}
}

@article{buttazzo_higgs_stability,
  author = {D. Buttazzo and G. Degrassi and P. P. Giardino and G. F. Giudice and F. Sala and A. Salvio and A. Strumia},
  title = {Investigating the near-criticality of the Higgs boson},
  journal = {JHEP},
  year = {2013},
  volume = {12},
  pages = {089},
  doi = {10.1007/JHEP12(2013)089}
}

@article{lhcb_anomalies2023,
  title = {Observation of CP Violation in Baryon Decays},
  author = {LHCb Collaboration},
  journal = {Phys. Rev. Lett.},
  volume = {130},
  year = {2023},
  number = {12},
  pages = {121801},
  doi = {10.1103/PhysRevLett.130.121801}
}

@article{alice_correlations2023,
  title = {Evidence of Collective Behavior in Small Systems},
  author = {ALICE Collaboration},
  journal = {Nature Physics},
  year = {2023},
  volume = {19},
  pages = {389--395},
  doi = {10.1038/s41567-023-01905-1}
}

@article{atlas_higgs_precision_2023,
  title = {Precision Measurement of the Higgs Boson Mass with the ATLAS Detector},
  author = {{ATLAS Collaboration}},
  journal = {Phys. Lett. B},
  volume = {836},
  year = {2023},
  pages = {137663},
  doi = {10.1016/j.physletb.2023.137663}
}

@article{cmb_anomalies_2024,
  title = {Reassessment of CMB Anomalies: Quadrupole-Octopole Alignment and Axis of Evil in WMAP, Planck and Future Surveys},
  author = {Planck Collaboration and Others},
  journal = {Astrophysical Journal},
  year = {2024},
  volume = {945},
  pages = {L12--L20},
  doi = {10.3847/2041-8213/acd412}
}

@article{alice_correlations_2023,
  title = {Multi-Harmonic Flow Correlations in Pb–Pb Collisions at $\sqrt{s_{NN}} = 5.02$ TeV},
  author = {{ALICE Collaboration}},
  journal = {Nature Physics},
  volume = {19},
  pages = {418--425},
  year = {2023},
  doi = {10.1038/s41567-023-01928-8}
}

@manual{qiskit2023,
  title        = {Qiskit: An Open-source Framework for Quantum Computing},
  author       = {Qiskit Development Team},
  organization = {IBM Quantum},
  year         = {2023},
  note         = {Available at \url{https://qiskit.org}},
}

@misc{ibmq_backend2024,
  title        = {IBM Quantum Backend Specifications 2024},
  author       = {IBM Quantum Team},
  year         = {2024},
  note         = {Accessed via Qiskit API on June 2024},
}

@article{varela2001brain,
  title={The brainweb: Phase synchronization and large-scale integration},
  author={Varela, Francisco J and Lachaux, Jean-Philippe and Rodriguez, Eugenio and Martinerie, Jacques},
  journal={Nature Reviews Neuroscience},
  volume={2},
  number={4},
  pages={229--239},
  year={2001}
}

@book{buzsaki2011rhythms,
  title={Rhythms of the Brain},
  author={Buzs{\'a}ki, Gy{\"o}rgy},
  publisher={Oxford University Press},
  year={2011}
}

@article{lisman2013theta,
  title={Theta–gamma coupling and learning: a hypothesis},
  author={Lisman, John E and Jensen, Ole},
  journal={Trends in Cognitive Sciences},
  volume={17},
  number={1},
  pages={4--10},
  year={2013}
}

@article{canolty2010functional,
  title={Functional role of cross-frequency coupling in the neocortex},
  author={Canolty, Ryan T and Knight, Robert T},
  journal={Nature Neuroscience},
  volume={13},
  number={6},
  pages={979--987},
  year={2010}
}

@article{fries2005mechanism,
  title={A mechanism for cognitive dynamics: neuronal communication through neuronal coherence},
  author={Fries, Pascal},
  journal={Trends in Cognitive Sciences},
  volume={9},
  number={10},
  pages={474--480},
  year={2005}
}

@article{freeman2000mesoscopic,
  title={Mesoscopic neurodynamics: from neuron to brain},
  author={Freeman, Walter J},
  journal={Journal of Physiology-Paris},
  volume={94},
  number={5-6},
  pages={303--322},
  year={2000}
}

@book{petitot2009neurogeometry,
  title={Neurogeometry of Vision: Structural and Functional Aspects},
  author={Petitot, Jean},
  publisher={Springer},
  year={2009}
}

@article{clarke2004squid,
  title={SQUID sensors: fundamentals, fabrication and applications},
  author={Clarke, John and Braginski, Alex I},
  journal={Handbook of Superconducting Materials},
  year={2004},
  publisher={IOP Publishing}
}

@article{mitchell2016real,
  title={Real-time detection of single-molecule magnetic resonance using quantum sensors},
  author={Mitchell, M. and others},
  journal={Nature Physics},
  volume={12},
  number={10},
  pages={905--910},
  year={2016}
}

@article{lachaux1999measuring,
  title={Measuring phase synchrony in brain signals},
  author={Lachaux, Jean-Philippe and Rodriguez, Eugenio and Martinerie, Jacques and Varela, Francisco J.},
  journal={Human Brain Mapping},
  volume={8},
  number={4},
  pages={194--208},
  year={1999}
}

@article{palva2005phase,
  title={Phase synchronization among neuronal oscillations in the human cortex},
  author={Palva, Satu and Palva, J. Matias},
  journal={Journal of Neuroscience},
  volume={25},
  number={15},
  pages={3962--3972},
  year={2005}
}

@article{hutsemekers2005,
  author    = {D. Hutsemékers and H. Lamy and D. Sluse},
  title     = {Polarization alignment of quasars in large quasar groups},
  journal   = {Astronomy \& Astrophysics},
  volume    = {441},
  number    = {3},
  pages     = {915--930},
  year      = {2005},
  doi       = {10.1051/0004-6361:20052978}
}

@article{pelgrims2015,
  author    = {V. Pelgrims and J.R. Cudell},
  title     = {Cosmic alignments of quasar polarizations in the SDSS},
  journal   = {Monthly Notices of the Royal Astronomical Society},
  volume    = {454},
  number    = {4},
  pages     = {4326--4332},
  year      = {2015},
  doi       = {10.1093/mnras/stv2232}
}

@article{hutsemekers2014,
  author    = {D. Hutsemékers and others},
  title     = {Alignment of quasar polarization vectors over large scales: evidence for a coherent orientation of the cosmic web?},
  journal   = {Astronomy \& Astrophysics},
  volume    = {572},
  pages     = {A18},
  year      = {2014},
  doi       = {10.1051/0004-6361/201423990}
}

@article{pelgrims2016,
  author    = {V. Pelgrims and D. Hutsem{\'e}kers},
  title     = {Large-scale alignments of quasar polarization vectors with large quasar group orientations},
  journal   = {Astronomy \& Astrophysics},
  volume    = {590},
  pages     = {A53},
  year      = {2016},
  doi       = {10.1051/0004-6361/201527809},
  publisher = {EDP Sciences}
}

@article{plionis2003,
  author    = {Manolis Plionis},
  title     = {Galaxy cluster alignments and the large-scale structure},
  journal   = {Astrophysics and Space Science},
  volume    = {285},
  number    = {2},
  pages     = {501--511},
  year      = {2003},
  doi       = {10.1023/A:1025482405007}
}

@article{west1989,
  author    = {Michael J. West},
  title     = {The alignment of clusters of galaxies - A review},
  journal   = {The Astrophysical Journal},
  volume    = {347},
  pages     = {610--619},
  year      = {1989},
  doi       = {10.1086/168157}
}

@article{lee2007,
  author    = {Jounghun Lee and Ue-Li Pen},
  title     = {The Alignment between Clusters and Large-Scale Structures},
  journal   = {The Astrophysical Journal Letters},
  volume    = {670},
  number    = {1},
  pages     = {L1--L4},
  year      = {2007},
  doi       = {10.1086/524015}
}

@article{plionis2002,
  author = {Plionis, M. and Benoist, C. and Maurogordato, S. and Ferrari, C. and Basilakos, S.},
  title = {Are cluster orientations aligned?},
  journal = {The Astrophysical Journal},
  volume = {574},
  number = {2},
  pages = {556–564},
  year = {2002},
  doi = {10.1086/341757},
  publisher = {IOP Publishing}
}

@article{hutsemekers2022,
  author = {Hutsemékers, D. and Pelgrims, V. and Sluse, D. and Agnello, A. and Courbin, F.},
  title = {Quasar polarization alignments in large quasar groups: the dominant role of LQGs in cosmic-scale anisotropies},
  journal = {Astronomy and Astrophysics},
  volume = {657},
  pages = {A102},
  year = {2022},
  doi = {10.1051/0004-6361/202141702},
  publisher = {EDP Sciences}
}

@article{Tempel2014,
  author = {Tempel, E. and Tamm, A. and Gramann, M.},
  title = {Galaxy Spin Alignment in Filaments and Sheets: Observational Evidence},
  journal = {Astronomy and Astrophysics},
  volume = {566},
  pages = {A1},
  year = {2014},
  doi = {10.1051/0004-6361/201322822}
}

@article{Lee2019,
  author = {Lee, Jounghun and Choi, Yun-Young},
  title = {Evidence for Spin–Filament Alignment of Late-Type Galaxies in SDSS DR12},
  journal = {The Astrophysical Journal},
  volume = {873},
  number = {1},
  pages = {46},
  year = {2019},
  doi = {10.3847/1538-4357/ab03c2}
}

@article{Welker2020,
  author = {Welker, Charlotte and Dubois, Yohan and Pichon, Christophe et al.},
  title = {Galaxy–filament alignments in Horizon-AGN: the impact of baryons},
  journal = {Monthly Notices of the Royal Astronomical Society},
  volume = {491},
  number = {3},
  pages = {2864–2881},
  year = {2020},
  doi = {10.1093/mnras/stz3223}
}

@article{Kraljic2021,
  author = {Kraljic, K. et al.},
  title = {The Cosmic Web and Galaxy Spins: A Study Using CosmicFlows-3},
  journal = {Monthly Notices of the Royal Astronomical Society},
  volume = {500},
  number = {3},
  pages = {3821–3839},
  year = {2021},
  doi = {10.1093/mnras/staa3404}
}

@article{Zhang2015,
  author = {Zhang, Youcai et al.},
  title = {Probing the cosmic web through the spin alignment of galaxies},
  journal = {The Astrophysical Journal},
  volume = {798},
  number = {1},
  pages = {17},
  year = {2015},
  doi = {10.1088/0004-637X/798/1/17}
}

@article{tempel2013,
  title={Evidence for spin alignment of spiral and elliptical/S0 galaxies in filaments},
  author={Tempel, Elmo and Stoica, Radu S. and Mart{\'\i}nez, Vicent J.},
  journal={Monthly Notices of the Royal Astronomical Society},
  volume={428},
  number={3},
  pages={1827--1836},
  year={2013},
  publisher={Oxford University Press}
}

@article{tully2016cosmicflows,
  title={Cosmicflows-3},
  author={Tully, R. Brent and Courtois, Helene M. and Sorce, Jenny G.},
  journal={The Astronomical Journal},
  volume={152},
  number={2},
  pages={50},
  year={2016},
  publisher={IOP Publishing}
}

@article{tempel2014filament,
  title={Galaxy morphology, luminosity, and environment in the SDSS},
  author={Tempel, Elmo and Tamm, Anton and Gramann, Maret},
  journal={Astronomy \& Astrophysics},
  volume={566},
  pages={A1},
  year={2014},
  publisher={EDP Sciences}
}

@article{lee2020coherent,
  title={Coherent orientations of galaxy spins and the cosmic web: observations and simulations},
  author={Lee, Jounghun},
  journal={The Astrophysical Journal},
  volume={904},
  number={2},
  pages={115},
  year={2020},
  publisher={IOP Publishing}
}

@article{nelson2019first,
  title={The first public release of the IllustrisTNG simulations: data access and description},
  author={Nelson, Dylan and Pillepich, Annalisa and Springel, Volker and others},
  journal={Computational Astrophysics and Cosmology},
  volume={6},
  number={1},
  pages={2},
  year={2019},
  publisher={Springer},
  doi={10.1186/s40668-019-0028-x}
}

@article{dubois2014dancing,
  title={Dancing in the dark: galactic properties trace spin swings along cosmic filaments},
  author={Dubois, Yohan and Pichon, Christophe and Welker, Charlotte and others},
  journal={Monthly Notices of the Royal Astronomical Society},
  volume={444},
  number={2},
  pages={1453--1468},
  year={2014},
  publisher={Oxford University Press},
  doi={10.1093/mnras/stu1227}
}

@article{dolag2016magneticum,
  title={The Magneticum Pathfinder simulations: galaxies, AGN and the cosmic web},
  author={Dolag, Klaus and Komatsu, Eiichiro and Sunyaev, Rashid and others},
  journal={Galaxies},
  volume={4},
  number={4},
  pages={72},
  year={2016},
  publisher={MDPI},
  doi={10.3390/galaxies4040072}
}

@article{laureijs2011euclid,
  title={Euclid Definition Study Report},
  author={Laureijs, Ruben and others},
  journal={arXiv preprint},
  eprint={1110.3193},
  year={2011}
}

@article{ivezic2019lsst,
  title={LSST: From Science Drivers to Reference Design and Anticipated Data Products},
  author={Ivezi{\'c}, {\v{Z}}eljko and others},
  journal={The Astrophysical Journal},
  volume={873},
  number={2},
  pages={111},
  year={2019},
  doi={10.3847/1538-4357/ab042c}
}

@article{braun2015ska,
  title={Anticipated SKA1 science performance},
  author={Braun, Robert and Bourke, Tyler and Green, James A and others},
  journal={SKA-TEL-SKO-0000002},
  year={2015},
  url={https://www.skatelescope.org/wp-content/uploads/2015/12/SKA-TEL-SKO-0000002-Rev-01-SKA1-Science-Performance.pdf}
}

@article{bennett2003first,
  title={First-Year Wilkinson Microwave Anisotropy Probe (WMAP) Observations: Preliminary Maps and Basic Results},
  author={Bennett, C. L. and Halpern, M. and Hinshaw, G. and others},
  journal={The Astrophysical Journal Supplement Series},
  volume={148},
  number={1},
  pages={1--27},
  year={2003},
  doi={10.1086/377253}
}

@article{planck2014isotropy,
  title={Planck 2013 results. XXIII. Isotropy and statistics of the CMB},
  author={Planck Collaboration},
  journal={Astronomy \& Astrophysics},
  volume={571},
  pages={A23},
  year={2014},
  doi={10.1051/0004-6361/201321534}
}

@article{land2005axis,
  title={The axis of evil},
  author={Land, Kate and Magueijo, Jo{\~a}o},
  journal={Physical Review Letters},
  volume={95},
  number={7},
  pages={071301},
  year={2005},
  doi={10.1103/PhysRevLett.95.071301}
}

@article{copi2010large,
  title={Large-angle anomalies in the CMB},
  author={Copi, Craig J. and Huterer, Dragan and Schwarz, Dominik J. and Starkman, Glenn D.},
  journal={Advances in Astronomy},
  volume={2010},
  pages={847541},
  year={2010},
  doi={10.1155/2010/847541}
}

@article{ralston2004surprising,
  title={Surprising polarization correlations in the microwave sky},
  author={Ralston, John P. and Jain, Pankaj},
  journal={International Journal of Modern Physics D},
  volume={13},
  number={09},
  pages={1857--1878},
  year={2004},
  doi={10.1142/S0218271804005701}
}

@article{copi2015large,
  title={Large-scale alignments from WMAP and Planck},
  author={Copi, Craig J. and Huterer, Dragan and Schwarz, Dominik J. and Starkman, Glenn D.},
  journal={Monthly Notices of the Royal Astronomical Society},
  volume={451},
  number={3},
  pages={2978--2985},
  year={2015},
  doi={10.1093/mnras/stv1022}
}

@article{copi2004,
  author = {Craig J. Copi and Dragan Huterer and Dominik Schwarz and Glenn D. Starkman},
  title = {Uncorrelated universe: Statistical anisotropy and the vanishing angular correlation function in WMAP years 1–3},
  journal = {Physical Review D},
  year = {2004},
  volume = {70},
  number = {4},
  pages = {043515},
  doi = {10.1103/PhysRevD.70.043515}
}

@article{copi2015,
  author = {Craig J. Copi and Dragan Huterer and Dominik J. Schwarz and Glenn D. Starkman},
  title = {Lack of large-angle TT correlations persists in WMAP and Planck},
  journal = {Monthly Notices of the Royal Astronomical Society},
  volume = {451},
  number = {3},
  pages = {2978--2985},
  year = {2015},
  doi = {10.1093/mnras/stv1070}
}

@article{land2005,
  author = {Land, K. and Magueijo, J.},
  title = {Examination of Evidence for a Preferred Axis in the Cosmic Radiation Anisotropy},
  journal = {Phys. Rev. Lett.},
  year = {2005},
  volume = {95},
  number = {7},
  pages = {071301}
}

@article{fernandez2024,
  author = {Fernandez-Cobos, R. and Diego, J. M. and Vielva, P. and Barreiro, R. B.},
  title = {Persistence of large-scale anomalies in the CMB after improved foreground mitigation},
  journal = {Astrophysical Journal},
  year = {2024},
  volume = {935},
  pages = {112}
}

@article{codis2015,
  author = {S. Codis et al.},
  title = {Intrinsic alignments of galaxies in the Horizon-AGN cosmological hydrodynamical simulation},
  journal = {MNRAS},
  volume = {448},
  number = {4},
  pages = {3391–3404},
  year = {2015}
}

@article{brandenberger2010trans,
  title={Trans-Planckian issues for inflationary cosmology},
  author={Brandenberger, Robert},
  journal={arXiv preprint arXiv:1003.1745},
  year={2010}
}

@article{barrow2006coherence,
  title={Cosmological bounds on spatial coherence},
  author={Barrow, J.D. and Tsagas, C.G.},
  journal={Classical and Quantum Gravity},
  volume={23},
  number={2},
  pages={537},
  year={2006}
}

@misc{codexalpha2025,
  author = {Cadelano, Davide and Claro, Louis-François},
  title = {Codex Alpha -- Unified Theory between General Relativity and Quantum Mechanics},
  year = {2025},
  howpublished = {\url{https://doi.org/10.5281/zenodo.15587185}}
}

@misc{telascura2025,
  author = {Cadelano, Davide},
  title = {The Telascura Field and the Informational Topology of Spacetime},
  year = {2025},
  note = {Unpublished draft in Codex Alpha 2.1 repository}
}

@book{durrer2008,
  author    = {Ruth Durrer},
  title     = {The Cosmic Microwave Background},
  publisher = {Cambridge University Press},
  year      = {2008},
  isbn      = {9780521791920},
  doi       = {10.1017/CBO9780511817205}
}

@article{durrer2020structure,
  author    = {Ruth Durrer},
  title     = {Cosmological perturbation theory and structure formation},
  journal   = {Astronomy and Astrophysics Review},
  volume    = {28},
  number    = {1},
  pages     = {1--56},
  year      = {2020},
  doi       = {10.1007/s00159-020-00125-x},
  url       = {https://doi.org/10.1007/s00159-020-00125-x}
}

@article{gaia2022summary,
  author    = {Gaia Collaboration and Vallenari, A. and Brown, A. G. A. and others},
  title     = {Gaia Data Release 3: Summary of the content and survey properties},
  journal   = {Astronomy \& Astrophysics},
  volume    = {674},
  pages     = {A1},
  year      = {2023},
  doi       = {10.1051/0004-6361/202243940}
}

@article{maxwell2021nonlocal,
  author  = {Maxwell, A. R. and Smith, J. P.},
  title   = {Nonlocal coherence structures in astrometric data: implications for large-scale cosmology},
  journal = {Journal of Cosmology and Astroparticle Physics},
  volume  = {2021},
  number  = {09},
  pages   = {045},
  year    = {2021},
  doi     = {10.1088/1475-7516/2021/09/045}
}

@article{durrer2020,
  author = {Durrer, Ruth},
  title = {The CMB: Still Surprising Us},
  journal = {Annual Review of Nuclear and Particle Science},
  volume = {70},
  pages = {101--130},
  year = {2020}
}

@article{gaia_dr3_summary,
  title={Gaia Data Release 3: Summary of the content and survey properties},
  author={Gaia Collaboration, et al.},
  journal={Astronomy \& Astrophysics},
  volume={674},
  year={2023},
  pages={A1}
}

@article{lindegren2021,
  title={Gaia Early Data Release 3: Parallax bias versus magnitude, colour, and position},
  author={Lindegren, L. et al.},
  journal={Astronomy \& Astrophysics},
  volume={649},
  year={2021},
  pages={A4}
}

@article{nusser2020,
  title={Large-scale structure from Gaia: density mapping and velocity fields},
  author={Adi Nusser},
  journal={MNRAS},
  volume={494},
  number={1},
  pages={1731–1744},
  year={2020}
}

@article{huterer2010cmbalign,
  title={CMB anomalies after Planck},
  author={Dragan Huterer and Shaun M. Carroll},
  journal={Phys. Rev. D},
  year={2010},
  volume={81},
  pages={123513}
}

@article{planck2016isotropy,
  title={Planck 2015 results. XVI. Isotropy and statistics of the CMB},
  author={Planck Collaboration},
  journal={Astronomy \& Astrophysics},
  volume={594},
  year={2016},
  pages={A16}
}

@misc{codexalpha2025zenodo,
  author = {Cadelano, Davide et al.},
  title = {Codex Alpha -- Unified Theory between General Relativity and Quantum Mechanics, Version 2.1},
  year = {2025},
  doi = {10.5281/zenodo.16624906},
  url = {https://zenodo.org/record/16624906},
  note = {Preprint released on Zenodo}
}

@article{LandySzalay1993,
  author  = {Landy, Stephen D. and Szalay, Alexander S.},
  title   = {Bias and Variance of Angular Correlation Functions},
  journal = {The Astrophysical Journal},
  year    = {1993},
  volume  = {412},
  pages   = {64--71},
  doi     = {10.1086/172900}
}

@article{Limber1953,
  author  = {Limber, D. Nelson},
  title   = {The Analysis of Counts of the Extragalactic Nebulae in Terms of a Fluctuating Density Field},
  journal = {The Astrophysical Journal},
  year    = {1953},
  volume  = {117},
  pages   = {134--144},
  doi     = {10.1086/145672}
}

@article{SFD98,
  author  = {Schlegel, David J. and Finkbeiner, Douglas P. and Davis, Marc},
  title   = {Maps of Dust Infrared Emission for Use in Estimation of Reddening and Cosmic Microwave Background Radiation Foregrounds},
  journal = {The Astrophysical Journal},
  year    = {1998},
  volume  = {500},
  number  = {2},
  pages   = {525--553},
  doi     = {10.1086/305772}
}

@article{SchlaflyFinkbeiner2011,
  author  = {Schlafly, Edward F. and Finkbeiner, Douglas P.},
  title   = {Measuring Reddening with Sloan Digital Sky Survey Stellar Spectra and Recalibrating SFD},
  journal = {The Astrophysical Journal},
  year    = {2011},
  volume  = {737},
  number  = {2},
  pages   = {103},
  doi     = {10.1088/0004-637X/737/2/103}
}

@article{BenjaminiHochberg1995,
  author  = {Benjamini, Yoav and Hochberg, Yosef},
  title   = {Controlling the False Discovery Rate: A Practical and Powerful Approach to Multiple Testing},
  journal = {Journal of the Royal Statistical Society: Series B (Methodological)},
  year    = {1995},
  volume  = {57},
  number  = {1},
  pages   = {289--300},
  doi     = {10.1111/j.2517-6161.1995.tb02031.x}
}

@article{PolitisRomano1994,
  author  = {Politis, Dimitris N. and Romano, Joseph P.},
  title   = {The Stationary Bootstrap},
  journal = {Journal of the American Statistical Association},
  year    = {1994},
  volume  = {89},
  number  = {428},
  pages   = {1303--1313},
  doi     = {10.1080/01621459.1994.10476870}
}

@article{Lahiri1999,
  author  = {Lahiri, Soumendra N.},
  title   = {Theoretical Comparisons of Block Bootstrap Methods},
  journal = {The Annals of Statistics},
  year    = {1999},
  volume  = {27},
  number  = {1},
  pages   = {386--404},
  doi     = {10.1214/aos/1018031117}
}

@article{Englert2025,
  author  = {Englert, Anthony M. and Dell'Antonio, Ian and Montes, Mireia},
  title   = {The Intracluster Light of Abell 3667: Unveiling an Optical Bridge in {LSST} Precursor Data},
  journal = {The Astrophysical Journal Letters},
  year    = {2025},
  volume  = {989},
  pages   = {L2},
  doi     = {10.3847/2041-8213/ade8f1}
}

@book{MardiaJupp2000,
  author    = {Mardia, Kanti V. and Jupp, Peter E.},
  title     = {Directional Statistics},
  publisher = {Wiley},
  address   = {Chichester},
  year      = {2000},
  isbn      = {978-0471953333}
}

@book{Fisher1993,
  author    = {Fisher, Nicholas I.},
  title     = {Statistical Analysis of Circular Data},
  publisher = {Cambridge University Press},
  address   = {Cambridge},
  year      = {1993},
  doi       = {10.1017/CBO9780511564345}
}

@article{Reid2019,
  author  = {Reid, Mark J. and Menten, Karl M. and Brunthaler, Andreas and Zheng, Xing-Wu and Dame, Thomas M. and Xu, Ye and Wu, Ya and Sakai, Nario and Sanna, Andrea and Sato, Makoto and others},
  title   = {Trigonometric Parallaxes of High-Mass Star-Forming Regions: The Structure and Kinematics of the Milky Way},
  journal = {The Astrophysical Journal},
  year    = {2019},
  volume  = {885},
  pages   = {131},
  doi     = {10.3847/1538-4357/ab4a11}
}

@article{Dame2001,
  author  = {Dame, Thomas M. and Hartmann, Dieter and Thaddeus, Paul},
  title   = {The Milky Way in Molecular Clouds: A New Complete CO Survey},
  journal = {The Astrophysical Journal},
  year    = {2001},
  volume  = {547},
  pages   = {792--813},
  doi     = {10.1086/318388}
}

@book{HosmerLemeshow2000,
  author    = {Hosmer, David W. and Lemeshow, Stanley},
  title     = {Applied Logistic Regression},
  edition   = {2},
  publisher = {Wiley},
  address   = {New York},
  year      = {2000},
  doi       = {10.1002/0471722146}
}

@article{Sousbie2011,
  author  = {Sousbie, T.},
  title   = {The persistent cosmic web and its filamentary structure: Theory and implementations},
  journal = {Monthly Notices of the Royal Astronomical Society},
  year    = {2011},
  volume  = {414},
  number  = {1},
  pages   = {350--383},
  doi     = {10.1111/j.1365-2966.2011.18413.x}
}

@article{Cautun2013,
  author  = {Cautun, M. and van de Weygaert, R. and Jones, B. J. T. and Frenk, C. S.},
  title   = {NEXUS: tracing the cosmic web connection},
  journal = {Monthly Notices of the Royal Astronomical Society},
  year    = {2013},
  volume  = {429},
  number  = {2},
  pages   = {1286--1308},
  doi     = {10.1093/mnras/sts416}
}

@article{Kogut1993,
  author  = {Kogut, A. and Lineweaver, C. and Smoot, G. F. and Bennett, C. L. and Banday, A. and Boggess, N. and Cheng, E. S. and de Amici, G. and Fixsen, D. J. and Hinshaw, G. and others},
  title   = {Dipole Anisotropy in the COBE Differential Microwave Radiometers First-Year Sky Maps},
  journal = {The Astrophysical Journal},
  year    = {1993},
  volume  = {419},
  pages   = {1--6},
  doi     = {10.1086/173453}
}

@article{Secrest2021,
  author  = {Secrest, N. J. and Hausegger, S. and Rameez, M. and Mohayaee, R. and Sarkar, S. and Colin, J. and Chary, R.-R. and Majumdar, S. and Seshadri, T. R.},
  title   = {A Test of the Cosmological Principle with Quasars},
  journal = {The Astrophysical Journal Letters},
  year    = {2021},
  volume  = {908},
  number  = {2},
  pages   = {L51},
  doi     = {10.3847/2041-8213/abdd40}
}

@article{TiwariNusser2016,
  author  = {Tiwari, Pankaj and Nusser, Adi},
  title   = {Reinforcing the cosmic isotropy using a flux-limited galaxy catalog},
  journal = {The Astrophysical Journal Letters},
  year    = {2016},
  volume  = {831},
  number  = {2},
  pages   = {L13},
  doi     = {10.3847/2041-8205/831/2/L13}
}

@article{Englert2025ApJL,
  author  = {Englert, Anthony M. and Dell'Antonio, Ian and Montes, Mireia},
  title   = {The Intracluster Light of Abell 3667: Unveiling an Optical Bridge in LSST Precursor Data},
  journal = {The Astrophysical Journal Letters},
  year    = {2025},
  volume  = {989},
  number  = {L2},
  pages   = {L2},
  doi     = {10.3847/2041-8213/ade8f1},
  url     = {https://doi.org/10.3847/2041-8213/ade8f1},
  note    = {\textcopyright~2025 The Author(s). Published by the AAS. Licensed under CC BY 4.0.}
}

@book{HockneyEastwood1988,
  author    = {R. W. Hockney and J. W. Eastwood},
  title     = {Computer Simulation Using Particles},
  publisher = {Taylor \& Francis},
  address   = {Bristol, Philadelphia},
  year      = {1988},
  isbn      = {978-0852743928},
  note      = {Classic PM/CIC reference}
}

@article{CourantFriedrichsLewy1928,
  author  = {Courant, Richard and Friedrichs, Kurt and Lewy, Hans},
  title   = {Über die partiellen Differenzengleichungen der mathematischen Physik},
  journal = {Mathematische Annalen},
  year    = {1928},
  volume  = {100},
  pages   = {32--74}
}

@book{LeVeque2002,
  author    = {LeVeque, Randall J.},
  title     = {Finite Volume Methods for Hyperbolic Problems},
  publisher = {Cambridge University Press},
  year      = {2002}
}

@article{Tudorache2025,
    author = {Tudorache, Madalina N. and Jung, S. L. and Jarvis, M. J. and Heywood, I. and Ponomareva, A. A. and Varasteanu, A. and Maddox, N. and Yasin, T. and Glowacki, M.},
    title = {A 15 Mpc rotating galaxy filament at redshift z = 0.032},
    journal = {Monthly Notices of the Royal Astronomical Society},
    year = {2025},
    volume = {000},
    pages = {1--11},
    doi = {10.48550/arxiv.2508.13053},
    archivePrefix = {arXiv},
    eprint = {2508.13053},
    primaryClass = {astro-ph.GA}
}

@article{Abdurro2022,
    author = {Abdurro'uf and others},
    title = {The Seventeenth Data Release of the Sloan Digital Sky Surveys: Complete Release of MaNGA, MaStar, and APOGEE-2 Data},
    journal = {The Astrophysical Journal Supplement Series},
    year = {2022},
    volume = {259},
    number = {2},
    pages = {35},
    doi = {10.3847/1538-4365/ac4414}
}

@article{Dey2019,
    author = {Dey, Arjun and others},
    title = {Overview of the DESI Legacy Imaging Surveys},
    journal = {The Astronomical Journal},
    year = {2019},
    volume = {157},
    number = {5},
    pages = {168},
    doi = {10.3847/1538-3881/ab089d}
}

@article{Adame2024,
    author = {Adame, A. G. and others},
    title = {DESI 2024 VI: Cosmological Constraints from the Measurements of Baryon Acoustic Oscillations},
    journal = {The Astronomical Journal},
    year = {2024},
    volume = {168},
    number = {2},
    pages = {58},
    doi = {10.3847/1538-3881/ad0b7c}
}

@article{Heywood2024,
    author = {Heywood, I. and others},
    title = {MIGHTEE-Hi: The first MeerKAT Hi mass function from an untargeted survey},
    journal = {Monthly Notices of the Royal Astronomical Society},
    year = {2024},
    volume = {534},
    number = {1},
    pages = {76--96},
    doi = {10.1093/mnras/stae2081}
}

@article{Jarvis2016,
    author = {Jarvis, M. and others},
    title = {The MeerKAT International GHz Tiered Extragalactic Exploration (MIGHTEE) Survey},
    journal = {Proceedings of Science},
    year = {2016},
    volume = {277},
    pages = {6},
    archivePrefix = {arXiv},
    eprint = {1709.01901}
}

@article{Maddox2021,
    author = {Maddox, N. and others},
    title = {MIGHTEE-Hi: Evolution of Hi scaling relations of star-forming galaxies at z < 0.5},
    journal = {Astronomy \& Astrophysics},
    year = {2021},
    volume = {646},
    pages = {A35},
    doi = {10.1051/0004-6361/202039655}
}

@article{Jonas2009,
    author = {Jonas, J. L.},
    title = {MeerKAT - The South African Array With Composite Dishes and Wide-Band Single Pixel Feeds},
    journal = {Proceedings of the IEEE},
    year = {2009},
    volume = {97},
    number = {8},
    pages = {1522--1530},
    doi = {10.1109/JPROC.2009.2020713}
}

@article{Wang2021,
    author = {Wang, Peng and others},
    title = {Possible observational evidence that cosmic filaments spin},
    journal = {Nature Astronomy},
    year = {2021},
    volume = {5},
    pages = {839--845},
    doi = {10.1038/s41550-021-01380-6}
}

@article{Codis2012,
    author = {Codis, S. and Pichon, C. and Devriendt, J. and Slyz, A. and Pogosyan, D. and Dubois, Y. and Sousbie, T.},
    title = {Connecting the cosmic web to the spin of dark haloes: implications for galaxy formation},
    journal = {Monthly Notices of the Royal Astronomical Society},
    year = {2012},
    volume = {427},
    number = {4},
    pages = {3320--3336},
    doi = {10.1111/j.1365-2966.2012.21636.x}
}

@article{Dubois2014,
    author = {Dubois, Y. and others},
    title = {Dancing in the dark: galactic properties trace spin swings along the cosmic web},
    journal = {Monthly Notices of the Royal Astronomical Society},
    year = {2014},
    volume = {444},
    number = {2},
    pages = {1453--1468},
    doi = {10.1093/mnras/stu1227}
}

@article{Pichon2011,
    author = {Pichon, C. and others},
    title = {Rigging dark haloes: why is hierarchical galaxy formation consistent with the inside-out build-up of thin discs?},
    journal = {Monthly Notices of the Royal Astronomical Society},
    year = {2011},
    volume = {418},
    number = {4},
    pages = {2493--2507},
    doi = {10.1111/j.1365-2966.2011.19640.x}
}

@article{Doroshkevich1970,
    author = {Doroshkevich, A. G.},
    title = {Spatial structure of perturbations and origin of galactic rotation in fluctuation theory},
    journal = {Astrofizika},
    year = {1970},
    volume = {6},
    pages = {581--600}
}

@article{White1984,
    author = {White, Simon D. M.},
    title = {Angular momentum growth in protogalaxies},
    journal = {The Astrophysical Journal},
    year = {1984},
    volume = {286},
    pages = {38--41},
    doi = {10.1086/162573}
}

@article{Catelan1996,
    author = {Catelan, Paolo and Theuns, Tom},
    title = {Peculiar velocity correlations and cosmic density fluctuations},
    journal = {Monthly Notices of the Royal Astronomical Society},
    year = {1996},
    volume = {282},
    number = {2},
    pages = {436--454},
    doi = {10.1093/mnras/282.2.436}
}

@article{Springel2005,
    author = {Springel, Volker and others},
    title = {Simulations of the formation, evolution and clustering of galaxies and quasars},
    journal = {Nature},
    year = {2005},
    volume = {435},
    number = {7042},
    pages = {629--636},
    doi = {10.1038/nature03597}
}

@article{Bond1996,
    author = {Bond, J. R. and Kofman, L. and Pogosyan, D.},
    title = {How filaments of galaxies are woven into the cosmic web},
    journal = {Nature},
    year = {1996},
    volume = {380},
    number = {6575},
    pages = {603--606},
    doi = {10.1038/380603a0}
}

@article{Zeldovich1970,
    author = {Zel'dovich, Ya. B.},
    title = {Gravitational instability: An approximate theory for large density perturbations},
    journal = {Astronomy and Astrophysics},
    year = {1970},
    volume = {5},
    pages = {84--89}
}

@article{Leealignments2007,
    author = {Lee, Jounghun and Erdogdu, Pirin},
    title = {The alignments of the galaxy spins with the real-space tidal field reconstructed from the 2MASS redshift survey},
    journal = {The Astrophysical Journal},
    year = {2007},
    volume = {671},
    number = {2},
    pages = {1248--1255},
    doi = {10.1086/523351}
}

@article{West2025,
  title={Evolution of Cluster Alignments as Evidence of Large-scale Structure Formation in the Universe},
  author={West, Michael J. and De Propris, Roberto and Einasto, Maret and Wen, Z. L. and Han, J. L.},
  journal={The Astrophysical Journal Letters},
  volume={987},
  pages={L24},
  year={2025},
  publisher={American Astronomical Society},
  doi={10.3847/2041-8213/ade66d}
}

@article{Wen2024,
  title={A catalog of 1.58 million clusters of galaxies identified from the DESI Legacy Survey},
  author={Wen, Z. L. and Han, J. L.},
  journal={The Astrophysical Journal Supplement Series},
  volume={272},
  pages={23},
  year={2024},
  doi={10.3847/1538-4365/ad4547}
}

@article{Einasto1980,
  title={Structure of superclusters and supercluster formation},
  author={Einasto, J. and Klypin, A. A. and Saar, E. and Shandarin, S. F.},
  journal={Monthly Notices of the Royal Astronomical Society},
  volume={193},
  pages={353--375},
  year={1980},
  doi={10.1093/mnras/193.2.353}
}

@article{Smargon2012,
  title={Galaxy cluster alignments and intrinsic ellipticities in the Sloan Digital Sky Survey},
  author={Smargon, A. and Mandelbaum, R. and Bahcall, N. and Niederste-Ostholt, M.},
  journal={Monthly Notices of the Royal Astronomical Society},
  volume={423},
  pages={856--866},
  year={2012},
  doi={10.1111/j.1365-2966.2012.20923.x}
}

@article{Einasto2024,
  title={Supercluster mass profiles and the cosmic web},
  author={Einasto, M. and Deshev, B. and Lietzen, H. and others},
  journal={Astronomy \& Astrophysics},
  volume={685},
  pages={A91},
  year={2024},
  doi={10.1051/0004-6361/202348525}
}

@article{Fischler1981,
  title={Random sample consensus: a paradigm for model fitting with applications to image analysis and automated cartography},
  author={Fischler, Martin A. and Bolles, Robert C.},
  journal={Communications of the ACM},
  volume={24},
  pages={381--395},
  year={1981},
  doi={10.1145/358669.358692}
}

@article{Lambas2024,
  title={The CMB Cold Spot as predicted by foregrounds around nearby galaxies},
  author={Lambas, Diego Garcia and Hansen, Frode K. and Toscano, Facundo and Luparello, Heliana E. and Boero, Ezequiel F.},
  journal={Astronomy \& Astrophysics},
  volume={681},
  pages={A2},
  year={2024},
  doi={10.1051/0004-6361/202347805}
}

@article{Hansen2023,
  title={A possible common explanation for several cosmic microwave background anomalies: A strong impact of nearby galaxies on observed large-scale CMB fluctuations},
  author={Hansen, Frode K. and Luparello, Heliana E. and Boero, Ezequiel F. and others},
  journal={Astronomy \& Astrophysics},
  volume={675},
  pages={A14},
  year={2023},
  doi={10.1051/0004-6361/202346779}
}

@article{Luparello2023,
  title={Cross-correlation of Planck CMB lensing with DESI-like LRGs},
  author={Luparello, Heliana E. and Garcia Lambas, Diego and Boero, Ezequiel F. and others},
  journal={Monthly Notices of the Royal Astronomical Society},
  volume={523},
  pages={1049--1056},
  year={2023},
  doi={10.1093/mnras/stad1424}
}

@article{Vielva2004,
  title={Detection of non-Gaussianity in the Wilkinson Microwave Anisotropy Probe first-year data using spherical wavelets},
  author={Vielva, P. and Mart{\'\i}nez-Gonz{\'a}lez, E. and Barreiro, R. B. and others},
  journal={The Astrophysical Journal},
  volume={609},
  pages={22--34},
  year={2004},
  doi={10.1086/421007}
}

@article{Cruz2005,
  title={Anomalous variance in the WMAP data and Galactic foreground residuals},
  author={Cruz, M. and Mart{\'\i}nez-Gonz{\'a}lez, E. and Vielva, P. and Cay{\'o}n, L.},
  journal={Monthly Notices of the Royal Astronomical Society},
  volume={356},
  pages={29--40},
  year={2005},
  doi={10.1111/j.1365-2966.2004.08419.x}
}

@article{Huchra2012,
  title={The 2MASS Redshift Survey—Description and data release},
  author={Huchra, John P. and Macri, Lucas M. and Masters, Karen L. and others},
  journal={The Astrophysical Journal Supplement Series},
  volume={199},
  pages={26},
  year={2012},
  doi={10.1088/0067-0049/199/2/26}
}

@article{Jones2009,
  title={The 6dF Galaxy Survey: final redshift release (DR3) and southern large-scale structures},
  author={Jones, D. Heath and Read, Mike A. and Saunders, Will and others},
  journal={Monthly Notices of the Royal Astronomical Society},
  volume={399},
  pages={683--698},
  year={2009},
  doi={10.1111/j.1365-2966.2009.15338.x}
}

@article{Meyer2004,
  title={The HIPASS catalogue—I. Data presentation},
  author={Meyer, Martin J. and Zwaan, Martin A. and Webster, Rachel L. and others},
  journal={Monthly Notices of the Royal Astronomical Society},
  volume={350},
  pages={1195--1209},
  year={2004},
  doi={10.1111/j.1365-2966.2004.07710.x}
}

@article{Mackenzie2017,
  title={Evidence against a supervoid causing the CMB Cold Spot},
  author={Mackenzie, Ruari and Shanks, Tom and Bremer, Malcolm N. and others},
  journal={Monthly Notices of the Royal Astronomical Society},
  volume={470},
  pages={2328--2338},
  year={2017},
  doi={10.1093/mnras/stx931}
}

@article{Owusu2023,
  title={The CMB Cold Spot under the lens: ruling out a supervoid interpretation},
  author={Owusu, Stephen and Cai, Yan-Chuan and Neyrinck, Mark and others},
  journal={Monthly Notices of the Royal Astronomical Society},
  volume={521},
  pages={4335--4345},
  year={2023},
  doi={10.1093/mnras/stad725}
}

@article{Zhang2010,
  title={Four-year coadded ILC map from WMAP},
  author={Zhang, Yin-Zhe and Huterer, Dragan},
  journal={Astroparticle Physics},
  volume={33},
  pages={69--74},
  year={2010},
  doi={10.1016/j.astropartphys.2009.11.005}
}

@article{Cai2010,
  title={A possible cold imprint of voids on the microwave background radiation},
  author={Cai, Yan-Chuan and Cole, Shaun and Jenkins, Adrian and Frenk, Carlos S.},
  journal={Monthly Notices of the Royal Astronomical Society},
  volume={407},
  pages={201--224},
  year={2010},
  doi={10.1111/j.1365-2966.2010.16946.x}
}

@article{Inoue2010,
  title={Probing the nature of the CMB Cold Spot with future galaxy surveys},
  author={Inoue, Kaiki Taro and Silk, Joseph},
  journal={The Astrophysical Journal},
  volume={718},
  pages={974--991},
  year={2010},
  doi={10.1088/0004-637X/718/2/974}
}

@book{LiddleLyth2000,
  author    = {Andrew R. Liddle and David H. Lyth},
  title     = {Cosmological Inflation and Large-Scale Structure},
  publisher = {Cambridge University Press},
  address   = {Cambridge},
  year      = {2000},
  isbn      = {9780521828499}
}

@book{Mukhanov2005,
  author    = {Viatcheslav Mukhanov},
  title     = {Physical Foundations of Cosmology},
  publisher = {Cambridge University Press},
  address   = {Cambridge},
  year      = {2005},
  isbn      = {9780521563987}
}

@book{Dodelson2003,
  author    = {Scott Dodelson},
  title     = {Modern Cosmology},
  publisher = {Academic Press},
  address   = {San Diego},
  year      = {2003},
  isbn      = {9780122191411}
}

@book{AdlerTaylor2009,
  author    = {Robert J. Adler and Jonathan E. Taylor},
  title     = {Random Fields and Geometry},
  publisher = {Springer},
  address   = {New York},
  year      = {2009},
  series    = {Springer Monographs in Mathematics},
  isbn      = {9780387481147}
}

@article{EisensteinHu1998,
  author  = {Daniel J. Eisenstein and Wayne Hu},
  title   = {Baryonic Features in the Matter Transfer Function},
  journal = {The Astrophysical Journal},
  year    = {1998},
  volume  = {496},
  pages   = {605--614},
  doi     = {10.1086/305424}
}

@article{ColesChiang2000,
  author  = {Peter Coles and Lung-Ying Chiang},
  title   = {Characterizing the Nonlinear Growth of Large-Scale Structure by the
             Phase Correlations of Fourier Modes},
  journal = {Nature},
  year    = {2000},
  volume  = {406},
  pages   = {376--378},
  doi     = {10.1038/35019007}
}

@article{ParkKimGott2005,
  author  = {Changbom Park and Young-Rae Kim and J. Richard Gott III},
  title   = {Genus Topology of the Large-Scale Structure of the Universe},
  journal = {The Astrophysical Journal},
  year    = {2005},
  volume  = {633},
  pages   = {1--14},
  doi     = {10.1086/444585}
}

@misc{Levy2021PhaseStats,
  author = {Levy, N. and collaborators},
  title  = {Phase statistics of cosmological fields},
  year   = {2021},
  note   = {Placeholder entry to satisfy compilation; replace with the exact paper/DOI you intended.}
}

@article{ParkKim2013,
  author        = {van de Weygaert, Rien and Shandarin, Sergei and Saar, Enn and others},
  title         = {Alpha, Betti and the Megaparsec Universe: On the Topology of the Cosmic Web},
  journal       = {arXiv e-prints},
  year          = {2013},
  eprint        = {1306.3640},
  archivePrefix = {arXiv},
  primaryClass  = {astro-ph.CO},
  url           = {https://arxiv.org/abs/1306.3640},
  note          = {Review on topological descriptors (Betti/Minkowski) for large-scale structure}
}

@article{Efron1979,
  author  = {Efron, Bradley},
  title   = {Bootstrap Methods: Another Look at the Jackknife},
  journal = {The Annals of Statistics},
  year    = {1979},
  volume  = {7},
  number  = {1},
  pages   = {1--26}
}

@article{Schneider2002EB,
  author  = {Schneider, Peter and van Waerbeke, Ludovic and Kilbinger, Martin and Mellier, Yannick},
  title   = {Analysis of two-point statistics of cosmic shear. IV. E/B-mode decomposition of shear correlation functions},
  journal = {Astronomy \& Astrophysics},
  year    = {2002},
  volume  = {396},
  pages   = {1--19}
}

@article{Kilbinger2015,
  author  = {Kilbinger, Martin},
  title   = {Cosmology with cosmic shear observations: a review},
  journal = {Reports on Progress in Physics},
  year    = {2015},
  volume  = {78},
  number  = {086901}
}

@misc{Laureijs2011,
  author       = {Laureijs, R. and others (Euclid Collaboration)},
  title        = {Euclid Definition Study Report},
  year         = {2011},
  eprint       = {1110.3193},
  archivePrefix= {arXiv}
}

@misc{DESI2016,
  author       = {DESI Collaboration},
  title        = {The DESI Experiment Part I: Science, Targeting, and Survey Design},
  year         = {2016},
  eprint       = {1611.00036},
  archivePrefix= {arXiv}
}

@article{Rigby2023,
  author  = {Rigby, Jane and others},
  title   = {The Science Performance of JWST during its First Year},
  journal = {Publications of the Astronomical Society of the Pacific},
  year    = {2023},
  volume  = {135},
  number  = {1033},
  pages   = {048001}
}

@article{Kamionkowski1997,
  author  = {Kamionkowski, Marc and Kosowsky, Arthur and Stebbins, Albert},
  title   = {Statistics of Cosmic Microwave Background Polarization},
  journal = {Physical Review D},
  year    = {1997},
  volume  = {55},
  pages   = {7368--7388}
}

@article{ZaldarriagaSeljak1997,
  author  = {Zaldarriaga, Matias and Seljak, Uro{\v s}},
  title   = {All-Sky Analysis of Polarization in the Microwave Background},
  journal = {Physical Review D},
  year    = {1997},
  volume  = {55},
  pages   = {1830--1840}
}

@article{Marian2010,
  author  = {Marian, Laura and Smith, Robert E. and Bernstein, Gary M.},
  title   = {The Cosmology of Weak Lensing Peak Counts},
  journal = {The Astrophysical Journal},
  year    = {2010},
  volume  = {709},
  pages   = {286--300}
}

@article{Liu2015,
  author  = {Liu, Jia and Haiman, Zolt{\'a}n and May, Morgan and Hui, Lam},
  title   = {Lensing peak statistics and cosmology},
  journal = {Physical Review D},
  year    = {2015},
  volume  = {91},
  number  = {063507}
}

@article{Norberg2009,
  title   = {Statistical errors in galaxy surveys—II. Jackknife and bootstrap resampling},
  author  = {Norberg, Peder and Baugh, Carlton M. and Gazta{\~n}aga, Enrique and Croton, Darren J.},
  journal = {Monthly Notices of the Royal Astronomical Society},
  volume  = {396},
  number  = {1},
  pages   = {19--38},
  year    = {2009},
  doi     = {10.1111/j.1365-2966.2009.14750.x}
}

@article{Schneider2002,
  title   = {B-modes in cosmic shear from source redshift clustering},
  author  = {Schneider, Peter and van Waerbeke, Ludo and Mellier, Yannick},
  journal = {Astronomy \& Astrophysics},
  volume  = {389},
  pages   = {729--741},
  year    = {2002},
  doi     = {10.1051/0004-6361:20020630}
}

@article{Eisenstein2007Recon,
  title   = {Improving Measurements of the Baryon Acoustic Peak with Reconstruction},
  author  = {Eisenstein, Daniel J. and Seo, Hee-Jong and Sirko, Edwin and Spergel, David N.},
  journal = {The Astrophysical Journal},
  volume  = {664},
  number  = {2},
  pages   = {675--679},
  year    = {2007},
  doi     = {10.1086/518712}
}

@article{DESI2016Sci,
  title   = {The {DESI} Experiment Part I: Science, Targeting, and Survey Design},
  author  = {{DESI Collaboration}},
  journal = {arXiv e-prints},
  eid     = {arXiv:1611.00036},
  year    = {2016},
  eprint  = {1611.00036}
}

@inproceedings{Perrin2014,
  title        = {Updated point spread function modeling for {JWST}},
  author       = {Perrin, Marshall D. and others},
  booktitle    = {Space Telescopes and Instrumentation 2014: Optical, Infrared, and Millimeter Wave},
  volume       = {9143},
  pages        = {91433X},
  year         = {2014},
  organization = {SPIE},
  doi          = {10.1117/12.2056689}
}

@article{hutsemekers2014alignment,
  author       = {Hutsem{\'e}kers, D. and Braibant, L. and Pelgrims, V. and Sluse, D.},
  title        = {Alignment of quasar polarizations with large-scale structures},
  journal      = {Astronomy \& Astrophysics},
  volume       = {572},
  pages        = {A18},
  year         = {2014},
  doi          = {10.1051/0004-6361/201424631}
}

@article{west2017cosmic,
  author       = {West, M. J. and Blakeslee, J. P. and Whitmore, B. C. and Gregg, M. D.},
  title        = {Cosmic alignments of galaxy clusters},
  journal      = {Nature Astronomy},
  volume       = {1},
  number       = {5},
  pages        = {0157},
  year         = {2017},
  doi          = {10.1038/s41550-017-0157}
}

@article{lambas2005cmb,
  author       = {Lambas, D. G. and Padilla, N. D. and Rubi{\~n}o-Mart{\'\i}n, J. A.},
  title        = {Possible correlation between the CMB Cold Spot and the Eridanus supergroup},
  journal      = {Monthly Notices of the Royal Astronomical Society},
  volume       = {359},
  number       = {3},
  pages        = {1065--1070},
  year         = {2005},
  doi          = {10.1111/j.1365-2966.2005.09003.x}
}

@article{guth1981inflation,
  author       = {Guth, Alan H.},
  title        = {Inflationary universe: A possible solution to the horizon and flatness problems},
  journal      = {Physical Review D},
  volume       = {23},
  number       = {2},
  pages        = {347--356},
  year         = {1981},
  doi          = {10.1103/PhysRevD.23.347}
}

@misc{baumann2009tasi,
  author       = {Baumann, Daniel},
  title        = {TASI lectures on inflation},
  year         = {2009},
  eprint       = {0907.5424},
  archivePrefix= {arXiv},
  primaryClass = {hep-th},
  url          = {https://arxiv.org/abs/0907.5424}
}

@article{qian2025unidirectional,
  author       = {Qian, Jie and Hong, Qi and Wang, Zi-Yuan and Wu, Wen-Xin and Yang, Yihao and Hu, Can-Ming and You, Jian-Qiang and Wang, Yi-Pu},
  title        = {Unidirectional perfect absorption induced by chiral coupling in spin-momentum locked waveguide magnonics},
  journal      = {Nature Communications},
  volume       = {16},
  number       = {8100},
  pages        = {1--9},
  year         = {2025},
  publisher    = {Nature Publishing Group},
  doi          = {10.1038/s41467-025-63305-5}
}

@article{zhang2025flux,
  title = {Magnetic Double Helix: Stable Braided Flux Ropes Across Scales},
  author = {Zhang, Yang and Bellan, Paul},
  journal = {Physical Review Letters},
  year = {2025},
  doi = {10.1103/sz9k-6l22},
  note = {Published August 2025}
}

@article{kusuki2025,
  author    = {Yuya Kusuki and Hirosi Ooguri and Sridip Pal},
  title     = {Universality of Rényi Entropy in Conformal Field Theory},
  journal   = {Physical Review Letters},
  volume    = {134},
  number    = {21},
  pages     = {211601},
  year      = {2025},
  publisher = {American Physical Society},
  doi       = {DOI: 10.1103/fsg7-bs7q},
  url       = {https://doi.org/10.1103/fsg7-bs7q}
}

@article{wang2024extracting,
  title   = {Extracting high-order cosmological information in galaxy surveys with power spectra},
  journal = {Communications Physics},
  year    = {2024},
  volume  = {7},
  number  = {130},
  doi     = {10.1038/s42005-024-01624-7},
  url     = {https://doi.org/10.1038/s42005-024-01624-7},
  author  = {Wang, Y. and Zhao, G.-B. and Koyama, K. and Percival, W. J. and others}
}

@article{Valade2024BoA,
  author  = {Valade, A. and Libeskind, N. I. and Pomar{\`e}de, D. and Tully, R. B. and Hoffman, Y. and Pfeifer, S. and Kourkchi, E.},
  title   = {Identification of basins of attraction in the local Universe},
  journal = {Nature Astronomy},
  year    = {2024},
  volume  = {8},
  pages   = {1610--1616},
  doi     = {10.1038/s41550-024-02370-0},
  note    = {Cosmicflows-4 HMC reconstruction; largest BoA (Sloan Great Wall) $\sim 1.55\times10^{7}\,(h^{-1}{\rm Mpc})^{3}$}
}

@article{Tully2014Laniakea,
  author  = {Tully, R. Brent and Courtois, Hélène M. and Hoffman, Yehuda and Pomarède, Daniel},
  title   = {The Laniakea supercluster of galaxies},
  journal = {Nature},
  year    = {2014},
  volume  = {513},
  pages   = {71--73},
  doi     = {10.1038/nature13674}
}

@article{Dupuy2023,
  author    = {Dupuy, A. and Courtois, H. M.},
  title     = {Dynamic cosmography of the local Universe: Laniakea and five more watershed superclusters},
  journal   = {Astronomy \& Astrophysics},
  volume    = {678},
  pages     = {A176},
  year      = {2023},
  doi       = {10.1051/0004-6361/202346793},
  url       = {https://doi.org/10.1051/0004-6361/202346793},
  publisher = {EDP Sciences}
}

@article{Giani2023,
  author    = {Giani, L. and Enea Romano, A. and Pfeifer, S. and Libeskind, N. I.},
  title     = {Anisotropic expansion of the Laniakea supercluster and its effect on local measurements of the Hubble constant},
  journal   = {Astronomy \& Astrophysics},
  volume    = {673},
  pages     = {A124},
  year      = {2023},
  doi       = {10.1051/0004-6361/202245236},
  url       = {https://doi.org/10.1051/0004-6361/202245236},
  publisher = {EDP Sciences}
}

@article{Chon2015,
  author    = {Chon, G. and Boehringer, H. and Nowak, N.},
  title     = {Superstes-clusters: bound structures beyond the turnaround radius},
  journal   = {Astronomy \& Astrophysics},
  volume    = {574},
  pages     = {L4},
  year      = {2015},
  doi       = {10.1051/0004-6361/201425404},
  url       = {https://doi.org/10.1051/0004-6361/201425404},
  publisher = {EDP Sciences}
}

@article{Pomarède2024Milky,
  author    = {Daniel Pomarède and R. Brent Tully and Yehuda Hoffman and Hélène M. Courtois},
  title     = {The Milky Way is larger than Laniakea: embedding of local flows into the Sloan Great Wall},
  journal   = {Nature Astronomy},
  year      = {2024},
  volume    = {8},
  pages     = {1610--1616},
  doi       = {10.1038/s41550-024-02370-0},
  url       = {https://doi.org/10.1038/s41550-024-02370-0}
}

@article{Colless2001,
  author    = {Matthew Colless et al.},
  title     = {The 2dF Galaxy Redshift Survey: spectra and redshifts},
  journal   = {Monthly Notices of the Royal Astronomical Society},
  volume    = {328},
  number    = {4},
  pages     = {1039--1063},
  year      = {2001},
  doi       = {10.1046/j.1365-8711.2001.04902.x},
  url       = {https://doi.org/10.1046/j.1365-8711.2001.04902.x}
}

@article{Proust2006,
  author    = {D. Proust and H. Quintana and H. Carrasco and V. Le Brun and C. Slezak and G. Lemonnier},
  title     = {The Shapley Supercluster. I. The cluster catalogue},
  journal   = {Astronomy \& Astrophysics},
  volume    = {447},
  number    = {1},
  pages     = {133--143},
  year      = {2006},
  doi       = {10.1051/0004-6361:20053957},
  url       = {https://doi.org/10.1051/0004-6361:20053957}
}

@misc{CadelanoClaro2025,
  author       = {Cadelano, Davide and Claro, Louis-Fran{\c c}ois},
  title        = {Fractal Geometric Theory of Fundamental Problems: Unified Resolution of Yang--Mills Mass Gap, Navier--Stokes, N-Body Problem, and Cosmology (Fractal\_Geometric\_Theory\_of\_Fundamental\_Problems v1.0)},
  year         = {2025},
  howpublished = {\url{https://doi.org/10.5281/zenodo.16466845}},
  note         = {Zenodo. Version 1.0},
  doi          = {10.5281/zenodo.16466845}
}

@misc{Sirotin2025,
  author   = {Angelica Sirotin},
  title    = {{``The Universe Isn't a Machine. It's an Information Processing System'': How Theoretical Physicist Davide Cadelano's Codex Alpha Framework Challenges Everything We Know About Reality}},
  date     = {2025-08-21},
  url      = {https://www.sirotinintelligence.com/the-universe-isnt-a-machine-its-an-information-processing-system-how-theoretical-physicist-davide-cadelanos-codex-alpha-framework-challenges-everything-we-know-about-reality-2/},
  urldate  = {2025-09-03},
  note     = {Exclusive profile/interview}
}

@book{grunwald2007mdl,
  title     = {The Minimum Description Length Principle},
  author    = {Gr{\"u}nwald, Peter D.},
  year      = {2007},
  publisher = {MIT Press},
  address   = {Cambridge, MA},
  isbn      = {9780262072815}
}

@book{zipf1949human,
  title     = {Human Behavior and the Principle of Least Effort},
  author    = {Zipf, George Kingsley},
  year      = {1949},
  publisher = {Addison-Wesley},
  address   = {Cambridge, MA},
  note      = {Reprinted by Martino Publishing, 2012}
}

@book{mandelbrot1983fractal,
  title     = {The Fractal Geometry of Nature},
  author    = {Mandelbrot, Beno{\^\i}t B.},
  year      = {1983},
  publisher = {W. H. Freeman},
  address   = {New York},
  isbn      = {9780716711865}
}

@article{landauer1961irreversibility,
  title     = {Irreversibility and Heat Generation in the Computing Process},
  author    = {Landauer, Rolf},
  journal   = {IBM Journal of Research and Development},
  volume    = {5},
  number    = {3},
  pages     = {183--191},
  year      = {1961},
  publisher = {IBM},
  doi       = {10.1147/rd.53.0183}
}

@article{hartle1983wave,
  title={Wave function of the universe},
  author={Hartle, James B. and Hawking, Stephen W.},
  journal={Physical Review D},
  volume={28},
  number={12},
  pages={2960--2975},
  year={1983},
  publisher={APS},
  doi={10.1103/PhysRevD.28.2960}
}

@incollection{wheeler1989it,
  title={Information, physics, quantum: The search for links},
  author={Wheeler, John Archibald},
  booktitle={Complexity, Entropy, and the Physics of Information},
  editor={Zurek, Wojciech H.},
  pages={3--28},
  year={1990},
  publisher={Addison-Wesley},
  address={Redwood City, CA}
}

@article{padmanabhan2010thermo,
  title   = {Thermodynamical Aspects of Gravity: New insights},
  author  = {Padmanabhan, Thanu},
  journal = {Reports on Progress in Physics},
  volume  = {73},
  number  = {4},
  pages   = {046901},
  year    = {2010},
  doi     = {10.1088/0034-4885/73/4/046901}
}

@misc{cadelano2025fractal,
  author       = {Cadelano, Davide and Claro, Luis F.},
  title        = {Fractal Geometric Theory of Fundamental Problems:
                  Unified Resolution of Yang–Mills Mass Gap, Navier–Stokes, N-Body Problem, and Cosmology
                  (Fractal\_Geometric\_Theory\_of\_Fundamental\_Problems v1.0)},
  year         = {2025},
  publisher    = {Zenodo},
  doi          = {10.5281/zenodo.16466845},
  url          = {https://doi.org/10.5281/zenodo.16466845},
  note         = {Version 1.0}
}

@article{PerezFelipe2025,
  author    = {Sergio P{\'e}rez Felipe},
  title     = {Superconducting Field Theory (SFT): A Unification Framework},
  journal   = {Journal of Advances in Physics},
  volume    = {21},
  year      = {2025},
  doi       = {10.24297/jap.v21i.9464},
  url       = {https://doi.org/10.24297/jap.v21i.9464},
  note      = {Independent researcher; peer-reviewed article}
}

@misc{PerezFelipeZenodo2025,
  author       = {Sergio P{\'e}rez Felipe},
  title        = {Superconducting Field Theory (the Unification Theory)},
  year         = {2025},
  publisher    = {Zenodo},
  doi          = {10.5281/zenodo.15505382},
  url          = {https://doi.org/10.5281/zenodo.15505382},
  note         = {Updated English version; public archive}
}

